1858 3224
366 123 446 164 AD
477 122 580 162 LIB.
609 122 684 161 XI.
712 121 849 166 ANN.
881 122 928 162 C.
957 122 1125 163 CORN.
1152 123 1352 166 TACITI.
1565 134 1642 173 341

93 229 299 288 adlufflfn,
326 233 432 285 q'uo's
461 241 538 269 nec
570 224 800 282 spectasset
833 225 1065 282 quisquam,
1106 242 1182 270 nec
1218 237 1478 285 spectaturus
1511 241 1642 278 esset:

91 305 189 348 cum
223 309 485 360 superessent
517 300 651 342 adhuc
687 299 758 356 qui
793 308 1091 356 spectaverant,
1121 311 1163 345 et
1198 303 1365 359 quidam
1401 306 1643 352 histrionum

91 377 284 436 producti
303 375 420 427 olim,
451 384 548 418 tunc
569 389 736 431 quoque
757 375 1124 430 producerentur.”

152 452 224 496 De
254 450 360 494 ludis
393 449 653 493 secularibus
679 448 839 490 dicetur
873 449 1005 491 adbuc
1038 449 1145 493 infra
1177 452 1228 493 ad
1250 467 1400 495 annum
1429 459 1527 498 841.
1559 472 1644 513 quo

95 525 362 572 Domitianus
380 524 581 582 septimos
602 522 805 566 seculares
826 522 945 565 ludos
966 523 1106 566 edidit.

153 598 380 661 Miraculis
398 597 666 643 adsimulata.
697 597 836 640 MSS.
860 598 967 654 Reg.
988 597 1092 655 Agr.
1113 607 1154 641 et
1175 599 1445 655 Puteolanus,
1475 605 1644 649 assimu-

62 662 64 665 γ
93 675 199 720 lata.
259 675 390 719 Haud
408 673 464 717 ita
482 670 587 716 bene
607 672 649 715 in
668 672 770 726 aliis,
789 672 1045 726 assimilata,
1076 673 1140 715 vel
1160 674 1413 719 adsimilata.

154 820 275 876 Cae.
299 820 364 874 12.
397 830 553 874 Amore
587 829 861 872 detinebatur.
926 829 1060 873 Recte
1083 830 1150 874 Cl.
1173 831 1374 874 Ernestus
1395 848 1446 875 ex
1467 833 1645 878 editione

93 906 297 964 principe.
359 905 587 962 Perper-am
609 904 748 947 MSS.
781 903 931 961 aliique
950 904 1044 948 libri
1063 906 1160 948 editi
1179 906 1470 950 distinebatur.

154 1058 277 1109 CAP.
306 1064 371 1103 13.
403 1058 462 1101 Ρ.
495 1057 774 1116 Pomponium
796 1057 1062 1103 consularem.
1124 1059 1195 1102 De
1229 1074 1312 1116 quo
1348 1058 1523 1112 Plinius,
1556 1074 1645 1102 vn.

101 1139 166 1183 19.
208 1132 326 1176 Idem
358 1142 421 1176 est
462 1149 510 1176 ac
551 1134 812 1191 Pomponius
849 1134 1077 1188 Secundus,
1122 1151 1246 1191 quem
1280 1142 1415 1177 vatem
1443 1135 1647 1194 civemque

94 1201 364 1251 clarissimum
403 1208 586 1266 appellat
626 1208 737 1252 idem
778 1209 956 1262 Plinius,
1004 1225 1119 1252 xiil.
1158 1216 1222 1252 12.
1286 1209 1356 1252 De
1396 1226 1446 1252 eo
1482 1226 1649 1268 quoque

88 1280 392 1334 Quintilianus,
423 1281 559 1326 Instit.
596 1284 715 1326 Orat.
755 1299 802 1326 x.
842 1292 876 1326 1.
921 1288 949 1309 “
978 1285 1140 1327 Eorum
1175 1300 1280 1341 quos
1310 1283 1494 1338 viderim,
1524 1284 1647 1342 long&

95 1356 289 1414 princeps
311 1356 573 1414 Pomponius
595 1359 825 1411 Secundus,
857 1375 980 1416 quem
1001 1375 1116 1402 senes
1138 1359 1283 1416 parum
1305 1359 1505 1415 tragicum
1526 1369 1650 1416 puta-

95 1434 211 1487 bant,
239 1431 468 1481 eruditione
487 1448 535 1475 ac
557 1432 689 1476 nitore
720 1443 913 1491 praestare
935 1433 1290 1476 confitebantur-’³
1347 1433 1454 1475 Vide
1488 1442 1529 1476 et
1561 1433 1650 1476 Pli-

95 1497 226 1560 nium,
257 1522 346 1550 vu.
378 1507 463 1564 Ep.
491 1513 555 1555 17.
618 1507 879 1565 Pomponius
899 1508 1044 1551 consul
1065 1508 1157 1561 fuit,
1188 1509 1260 1550 sed
1293 1525 1343 1551 ex
1378 1507 1644 1557 suffectorum

94 1570 280 1626 numero.
343 1581 551 1626 Eumdem
572 1599 660 1626 esse
687 1599 734 1626 ac
759 1584 811 1626 L.
834 1583 1136 1640 Pomponium,
1167 1584 1217 1625 de
1241 1599 1324 1640 quo
1359 1583 1462 1625 infra
1495 1583 1646 1626 Annal.

98 1671 193 1701 ΣΗ.
220 1662 278 1704 -27
311 1665 354 1700 et
377 1663 445 1702 28.
476 1658 585 1700 haud
605 1658 864 1713 crediderim,
894 1661 949 1702 ob
971 1657 1233 1715 praenominis
1253 1658 1541 1700 diversitatem.

155 1731 214 1779 In
231 1739 403 1776 martene
416 1739 653 1790 pareutum.
714 1723 1012 1776 Adolescentes
1032 1732 1318 1776 filiosfamilias
1347 1731 1447 1775 olim
1468 1732 1646 1775 circum-

97 1807 316 1864 scripserat
349 1806 567 1859 Laetorius,
611 1815 712 1850 teste
743 1807 888 1851 Tullio
920 1810 970 1850 de
993 1809 1120 1854 Offic.
1144 1822 1222 1850 1¹1.
1259 1814 1324 1851 15.
1355 1816 1396 1851 et
1417 1807 1646 1860 Prisciano,

98 1882 191 1926 libr.
225 1897 337 1926 vm.
383 1881 457 1926 fol.
487 1888 558 1929 47.
602 1882 855 1940 vetitumque
889 1884 1089 1926 minorem
1135 1883 1257 1925 anuis
1288 1882 1444 1940 viginti
1470 1882 1649 1940 quinque

95 1956 306 2016 stipulari.
367 1957 635 2001 Grassantem
683 1958 818 2001 adhuc
858 1959 1150 2001 foeneratorum
1201 1956 1416 1999 libidinem
1464 1957 1650 2000 coercuit

99 2032 302 2077 Claudius
331 2032 688 2075 senatusconsulto
718 2032 1041 2085 Macedoniano,
1075 2030 1240 2088 Digest.
1263 2032 1337 2074 lib.
1360 2047 1467 2076 xlv.
1497 2032 1585 2074 Tit.
1607 2033 1648 2075 6.

100 2107 206 2164 Leg.
229 2121 263 2150 1.
293 2123 344 2150 ex
365 2106 574 2164 Ulpiano:
606 2107 778 2163 placuit,
811 2112 911 2149 “ne
932 2108 1013 2160 cui,
1045 2106 1115 2164 qui
1147 2106 1409 2149 filiofamilias
1430 2106 1649 2163 pecuniam

98 2181 288 2234 dedisset,
307 2181 432 2225 etiam
451 2190 547 2238 post
562 2191 738 2225 mortem
761 2182 940 2251 parentis
957 2183 1058 2240 ejus,
1080 2183 1198 2239 cujus
1214 2181 1254 2223 in
1269 2189 1476 2238 potestate
1494 2181 1651 2235 fuisset,

99 2244 210 2302 actio
229 2257 456 2315 petitioque
477 2258 668 2300 dazretur
712 2266 758 2300 ut
789 2257 952 2310 scirent,
984 2258 1054 2314 qui
1086 2256 1267 2313 pessimo
1300 2255 1494 2312 exemplo
1522 2257 1652 2298 foene-

98 2339 250 2385 tarent,
279 2331 430 2375 nullius
451 2347 574 2389 posse
605 2331 856 2375 filiifamilias
891 2335 1047 2375 bonum
1084 2347 1234 2374 nomen
1266 2330 1488 2387 expectata
1524 2331 1651 2387 patris

101 2405 164 2450 sui
205 2414 340 2450 morte
373 2405 503 2450 fieri.’'
563 2407 805 2450 Redivivam
839 2406 1006 2450 licentia
1042 2399 1275 2462 temporum
1316 2404 1651 2466 Neronianorum

102 2480 327 2524 foenerandi
356 2467 591 2538 cupidinem
620 2481 769 2524 iterum
801 2481 1058 2538 compescuit
1076 2473 1369 2537 Vespasianus,
1401 2489 1447 2522 ut
1467 2479 1652 2522 dicemus

76 2572 86 2580 ·
100 2555 143 2600 in
158 2554 317 2616 Suppl-
339 2555 454 2616 Hist.
477 2571 534 2614 v„
555 2557 607 2598 ad
627 2572 777 2599 annum
799 2563 897 2600 825.

161 2629 235 2673 Ab
259 2629 509 2675 Simbruinis
529 2629 715 2674 collibus.
777 2629 943 2673 Claudii
973 2629 1320 2686 magnificentiam
1351 2627 1392 2669 in
1428 2626 1577 2670 Curtio
1612 2638 1654 2669 et

103 2703 297 2748 Caeruleo
327 2705 512 2748 fontibus
546 2705 589 2748 in
622 2705 780 2748 Urbem
816 2705 1104 2762 perducendis,
1134 2702 1160 2746 a
1189 2701 1446 2760 Vespasiano
1479 2711 1519 2743 et
1552 2701 1654 2743 Tito

101 2778 311 2833 restitutis,
357 2777 555 2824 testantur
594 2781 726 2824 adhuc
763 2781 927 2833 Romae,
977 2779 1049 2823 nbi
1087 2794 1195 2821 nunc
1233 2777 1368 2819 Porta
1412 2774 1654 2833 Magglore‚

102 2862 370 2898 monumenta
387 2854 580 2913 plurima,
599 2871 691 2914 quae
711 2855 878 2900 exhibet
890 2854 961 2898 Cl.
979 2853 1178 2905 Piranesi,
1202 2850 1428 2895 Antichitci
1451 2850 1656 2902 Romane,
