1858 3224
259 168 338 210 ³94
658 159 823 200 NoTAE
852 159 920 198 ET
948 140 1387 220 EMENDATJONES

320 251 542 306 Crescente
573 261 842 313 multitudine,
885 269 1045 303 montes
1073 259 1342 315 Capitolium,
1374 256 1526 304 Caelius
1551 265 1593 301 et
1615 257 1786 304 Avenss

262 353 339 380 nus
356 336 527 380 habitari
546 351 722 392 coepere.
783 333 946 378 Servius
965 331 1142 384 Tullius,
1172 332 1410 374 immensam
1431 331 1608 375 Romani
1622 330 1784 388 imperii

262 412 515 468 majestatem
537 409 719 466 praesaga
737 415 872 450 mente
892 405 1143 461 complexus,
1179 410 1205 430 ‘⁴
1225 405 1335 447 addit
1353 406 1454 447 duos
1473 404 1614 456 colles,
1645 404 1787 452 Quiri—

264 483 397 526 nalem
417 482 769 538 Viniinalemque;
801 481 892 522 inde
922 479 1112 535 deinceps
1133 486 1254 533 auget
1275 478 1498 534 Esquilias:
1528 477 1666 534 ibique
1682 477 1784 533 ipse,

263 566 312 600 ut
328 557 423 600 loco
442 556 611 612 dignitas
630 555 759 607 fieret,
787 553 953 595 habitat.
1012 552 1177 607 Aggere
1211 560 1252 594 et
1271 551 1388 593 fossis
1407 559 1447 593 et
1473 559 1592 593 muri>
1610 549 1785 595 cimm-

260 631 332 673 dat
345 630 527 673 Urbem:
558 629 613 671 ita
633 626 877 684 pomoerium
897 625 1090 681 profert.''
1152 624 1306 676 Livius,
1335 623 1415 667 loc.
1429 624 1499 667 cit.

325 704 411 746 Hic
433 703 558 745 Urbis
576 702 750 744 ambitus
779 709 863 743 tam
884 698 1067 753 religiose
1094 698 1254 739 habitus
1274 706 1349 747 est,
1377 706 1436 751 ut,
1465 706 1568 741 teste
1586 697 1787 752 Dionysio
1854 706 1858 707 ⁷

265 775 629 828 Halicarnasseusi‚
673 775 870 830 scriptore
907 772 1227 828 diligentissimO,
1271 773 1342 828 qui
1391 772 1538 814 Romae
1586 771 1710 826 vixit,
1746 778 1788 813 et

265 851 445 907 Augusti
465 858 582 892 aetate
602 848 774 904 scripsit,
803 847 861 889 ad
873 862 947 889 sua
966 861 1099 903 usque,
1109 853 1288 902 tempora
1318 845 1493 887 ambitus
1519 845 1590 887 ille
1619 839 1788 887 ulterius

264 940 347 967 mm
361 923 611 980 processerit,
645 921 753 972 Deo,
784 928 829 962 ut
847 921 970 971 aiunt,
1000 919 1046 960 id
1077 934 1157 960 non
1171 919 1442 974 permittente.
1501 916 1733 976 Προσωτὲςω
1751 918 1789 959 δὲ

267 997 335 1041 ου’κ
366 997 418 1039 ἔτι
452 997 624 1055 προῆλθεν
656 1000 675 1047 ἡ
709 993 927 1045 κατασκευή
959 997 1024 1044 τῆς
1055 993 1209 1045 πόλεως,
1240 993 1308 1034 ου’κ
1339 996 1478 1046 ἐῶντος,
1508 991 1554 1042 ὥς
1582 993 1694 1046 Φάσι,
1722 995 1789 1034 τοῦ

265 1071 462 1127 δαιμονίου.
526 1070 700 1123 Dionys.
722 1069 860 1110 Halic.
883 1082 945 1109 lv.
982 1073 1045 1110 13.
1077 1083 1119 1122 p.
1139 1072 1238 1109 218.

320 1145 350 1189 J
354 1161 400 1188 us
433 1153 566 1186 tamen
599 1142 829 1199 proferendi
850 1141 1038 1197 pomoerii
1067 1156 1190 1196 penes
1222 1155 1292 1182 eos
1311 1139 1469 1193 mansit,
1499 1139 1567 1197 qui
1587 1138 1790 1205 populum

266 1219 518 1269 Romanum,
549 1232 646 1273 agro
673 1218 723 1258 de
754 1215 940 1258 hostibus
973 1222 1110 1271 capto,
1140 1213 1492 1270 amplificaverant.
1551 1212 1674 1256 Hanc
1704 1211 1792 1268 glo-

266 1293 366 1335 riam
385 1293 541 1349 quaesiit
562 1291 711 1347 potius,
742 1287 868 1346 quam
887 1288 1046 1341 meruit,
1079 1287 1206 1342 Sylla,
1237 1276 1343 1328 antio
1363 1286 1522 1330 circiter
1540 1281 1672 1345 UJC.
1690 1287 1790 1333 674.

266 1367 412 1409 Senec.
442 1367 493 1407 de
537 1364 688 1407 Brevit.
738 1362 845 1413 vitae,
890 1377 991 1404 xlv.
1053 1360 1214 1403 Potiori
1238 1361 1334 1417 jure
1364 1359 1501 1403 Julius
1534 1359 1686 1412 Caesar,
1730 1367 1792 1402 tot

264 1439 431 1483 devictis
450 1439 651 1494 gentibus,
671 1437 712 1478 id
732 1435 895 1483 honoris
916 1434 1059 1477 sumsit
1078 1435 1133 1477 A.
1150 1433 1205 1475 U.
1227 1434 1279 1476 C.
1300 1438 1399 1480 710.
1418 1433 1452 1475 si
1471 1432 1615 1485 Dioni,
1646 1446 1792 1475 xmu.

266 1531 310 1571 p.
327 1515 330 1520 ’
349 1519 448 1557 238.
497 1512 799 1562 crediderimus,
848 1517 918 1551 aut
957 1508 1094 1565 potius
1131 1522 1289 1549 sumere
1326 1505 1477 1548 voluit:
1526 1505 1645 1549 silent
1685 1509 1793 1554 enim

266 1587 488 1631 Suetonius
507 1595 548 1627 et
566 1585 750 1627 Tacitus.
811 1582 970 1625 Merito
1005 1597 1169 1640 quoque
1187 1581 1414 1636 Augustus,
1443 1588 1484 1622 et
1516 1579 1610 1636 ipse.
1630 1567 1794 1636 imperii

265 1668 529 1719 propagator,
558 1657 806 1715 pomoerium
822 1654 993 1712 protulit
1011 1655 1066 1696 A.
1086 1654 1142 1697 U.
1164 1654 1216 1696 C.
1235 1655 1334 1701 746.
1367 1653 1471 1703 Dio,
1502 1667 1596 1696 LVI.
1625 1669 1668 1710 p.
1694 1658 1794 1696 552.

325 1735 384 1779 At
414 1733 624 1792 quomodo
656 1729 901 1787 pomoerium
937 1727 1160 1785 protulere,
1190 1727 1223 1770 si
1249 1726 1376 1769 Urbis
1407 1727 1584 1770 ambitus
1601 1742 1684 1769 non
1708 1740 1796 1769 cre-

265 1809 381 1860 verit,
411 1816 457 1851 ut
490 1815 659 1850 testatur
688 1804 911 1858 Dionysius
941 1818 1065 1858 supra
1097 1801 1313 1845 laudatus?
1356 1800 1558 1856 Dionysio
1587 1800 1796 1843 dissentire

268 1867 377 1926 certe
397 1897 479 1924 non
497 1881 606 1924 licet.
630 1877 956 1922 Existimaverim
976 1876 1075 1931 ergo
1094 1877 1171 1918 hos
1191 1874 1378 1931 pomoerii
1398 1882 1703 1932 propagatores,
1732 1873 1796 1932 vel

267 1955 460 1999 violatam
482 1953 672 2010 pomoerii
696 1951 952 1994 sanctitatem
983 1948 1225 2001 renovasse3
1258 1953 1336 2000 vel,
1368 1949 1479 2005 quod
1506 1947 1638 2007 verius
1666 1945 1798 1990 credi-

270 2029 412 2081 derim,
442 2027 567 2071 fuisse
595 2027 639 2068 in
655 2025 784 2068 Urbis
819 2024 975 2067 ambitu
996 2031 1132 2079 partes
1154 2038 1299 2078 aggere
1319 2030 1359 2076 et
1377 2021 1495 2064 fossis
1515 2021 1796 2074 circumdatas,

269 2116 469 2158 augurum
502 2100 634 2143 effatis
662 2114 744 2141 non
778 2106 1044 2149 consecratas,
1074 2111 1177 2153 quae,
1207 2096 1301 2138 cum
1336 2093 1584 2151 pomoerium
1617 2095 1799 2151 profere-

271 2179 405 2229 batur,
435 2174 802 2225 consecrabantur3
833 2171 1027 2227 cippique
1048 2169 1362 2212 consecrationis
1387 2177 1509 2212 testes
1529 2171 1798 2225 ponebantur.

269 2249 387 2293 Talis
418 2248 579 2304 cippus,
633 2246 659 2288 a
686 2245 939 2302 ‘consulibus
976 2242 1203 2286 Censorino
1249 2250 1291 2285 et
1328 2242 1453 2285 Gallo
1484 2242 1656 2299 positus,
1701 2242 1797 2284 cum

270 2323 485 2380 Augustus
504 2319 748 2377 pomoerium
776 2321 994 2376 proferret,
1023 2325 1137 2360 extra
1155 2323 1316 2374 portam
1335 2315 1644 2381 Flumentanam
1661 2330 1800 2373 reper-

274 2404 354 2450 tus,
374 2395 563 2439 Tiberim
582 2394 687 2437 inter
706 2401 747 2436 et
766 2392 871 2435 viam
886 2391 1141 2436 Flaminiam.
1702 2383 1703 2386 ¹

735 2528 778 2558 c.
811 2505 1094 2557 MAncius.
1120 2526 1167 2554 1..
1199 2525 1239 2554 Γ.
1268 2524 1309 2553 1..
1338 2524 1371 2555 u

626 2614 628 2617 ’
696 2616 1060 2647 cnusomnvs
1105 2614 1262 2644 sinc.
1293 2612 1379 2642 Asi

642 2707 789 2737 Nivs.
853 2707 895 2735 c.
956 2707 995 2735 F.
1057 2679 1287 2734 GALLvs.
1349 2698 1443 2731 cos

931 2796 1003 2824 nx
1037 2797 1069 2823 s,
1102 2794 1145 2823 c.

723 2886 835 2915 FLN.
868 2885 1082 2918 POMER.
1113 2881 1343 2913 TERMIN
