1858 3224
343 172 346 178 ,
385 129 465 170 ΑΙ)
494 128 593 168 LIB.
624 129 697 169 XI.
727 130 860 170 ANN.
890 131 937 171 C.
965 132 1132 172 CORN.
1159 134 1359 175 TACITI.
1563 135 1645 177 365

22 282 28 288 ἱ
109 229 286 288 rums&
302 227 506 285 locorum,
521 240 563 275 et
583 234 793 290 vectigalia
808 235 961 291 populi
975 236 1169 290 Romani,
1183 240 1259 280 sub
1279 245 1380 281 nutu
1396 237 1645 296 arbitrioque

107 311 292 351 aaut.
317 304 476 359 Livius,
498 320 563 350 iv.
584 312 624 351 8.

120 379 273 423 Hac
297 382 470 425 censura
499 381 598 425 nihil
626 383 738 425 certe
767 382 912 427 melius
941 384 1162 442 utiliusque
1186 402 1382 443 umquam
1411 397 1644 449 repertum3

106 453 243 513 eique
260 457 345 498 una
375 472 536 514 semper
555 457 731 501 stetisset
759 458 910 512 Roma,
932 459 963 502 si
985 467 1133 502 aeterna
1151 476 1239 503 esse
1259 461 1467 504 valerent
1458 464 1643 519 imperia,

107 538 181 574 aut
212 531 266 573 ab
302 531 469 589 optimis
502 532 692 576 institutis
726 534 853 576 ferme
893 528 1145 576 ineluctabili
1181 535 1219 576 vi
1256 551 1339 577 non
1374 537 1645 580 desciscerent

105 606 313 650 mortales.
372 606 530 650 Verum
563 623 869 665 nonnumquam
901 611 1057 651 mutata
1088 608 1287 651 omissave
1311 625 1501 653 censura:
1534 611 1643 667 ipsa-

106 695 188 738 que
205 681 314 735 vitia,
328 682 460 726 modo
482 666 658 740 pietatis,⁸
677 683 802 725 modo
818 682 946 725 Urbis
959 682 1185 739 splendoris
1204 683 1354 739 specie,
1370 685 1641 740 patrocinium

106 755 315 813 quaesiere.
374 757 494 800 Nihil
513 758 610 800 vero
630 773 844 800 censuram
875 773 923 799 ac
944 757 1103 799 Urbem
1135 758 1250 814 aeque
1270 758 1472 814 perditum
1503 759 1561 812 iit,
1590 775 1638 802 ac

103 829 245 874 civitas
276 830 480 885 Romana,
510 832 737 875 maximum
757 831 856 874 olim
876 840 918 874 et
939 831 1187 874 rarissimum
1218 833 1385 884 donum,
1406 833 1637 888 promiscue

102 905 280 962 vulgata.
338 905 400 949 Ut
429 905 677 963 intelligatur
703 906 829 964 quam
861 906 940 949 late
973 906 1119 949 sensim
1150 906 1395 963 irrepserint,
1429 907 1638 964 lustraque

42 967 45 972 .
101 982 156 1023 ab
194 978 516 1038 Imperatoribus
553 981 716 1024 condita
752 981 1017 1033 illustrentur,
1057 982 1164 1023 haud
1203 980 1358 1037 pigebit
1396 981 1634 1035 lustrorum,

102 1064 280 1114 quorum
297 1064 408 1098 extat
422 1055 633 1108 memoria,
653 1056 828 1098 indicem
849 1055 1025 1098 breviter
1046 1058 1273 1098 subtexere.

157 1131 215 1174 A.
231 1129 288 1174 U.
305 1129 358 1173 C.
383 1137 476 1174 180.
538 1130 727 1174 Primum
756 1129 782 1172 ὲ
808 1130 951 1173 Servio
971 1129 1114 1173 Tullio
1134 1130 1343 1173 conditum
1364 1139 1426 1172 est
1445 1130 1633 1187 lustrum,

87 1204 245 1263 -h‘qu'o
273 1210 302 1232 “
320 1205 448 1249 millia
465 1211 537 1250 80.
558 1206 708 1249 civium
729 1221 849 1248 censa
867 1205 1099 1248 dicuntur.’'
1162 1205 1316 1258 Livius,
1340 1220 1370 1248 1.
1390 1211 1460 1249 44.

154 1281 213 1324 A.
230 1281 283 1324 U.
301 1279 353 1325 C.
373 1287 471 1326 245.
533 1281 670 1324 Pulsis
689 1281 866 1337 regibus,
899 1280 1065 1322 Valerio
1087 1289 1129 1322 et
1163 1280 1357 1323 Lucretio
1384 1280 1633 1335 consulibus,

96 1370 222 1405 censa
257 1364 353 1400 sunt
387 1361 415 1382 “
433 1365 600 1399 centum
638 1356 801 1412 triginta
837 1353 1005 1398 millia.’'
1066 1354 1276 1397 Plutarch.
1314 1354 1357 1398 in
1396 1354 1634 1408 Publicola,

94 1423 260 1491 13:103.
283 1441 285 1444 ⁴
1222 1430 1225 1433 ⁴

154 1507 211 1551 Αἱ.
223 1505 284 1551 U.
297 1505 350 1551 C.
368 1512 469 1551 288³.
529 1506 586 1549 A.
608 1505 807 1554 Quinctio
827 1503 996 1548 consule
1026 1508 1056 1529 “
1075 1520 1193 1546 censa
1212 1504 1362 1547 civium
1381 1504 1516 1561 capita
1533 1521 1631 1548 cen-

94 1591 187 1629 tum
203 1588 378 1640 quatuor
402 1589 444 1625 et
473 1581 613 1639 viginti
642 1579 772 1623 millia
801 1581 975 1623 ducenta
1004 1578 1236 1637 quindecim
1266 1579 1457 1623 dicuntur
1483 1589 1634 1637 praeter

92 1644 222 1703 &st
239 1659 456 1715 orbusque.
458 1655 481 1674 ’'
542 1655 701 1709 Livius,
721 1670 797 1698 111.
819 1661 859 1698 3.

150 1728 278 1779 ΛΠ.
294 1731 348 1775 C.
366 1722 466 1780 294.
526 1731 590 1779 Q.
614 1731 745 1774 Fabio
777 1739 820 1773 et
859 1730 910 1773 L.
944 1729 1140 1773 Cornelio
1173 1729 1424 1781 consulibus,
1457 1729 1630 1774 lustrum

35 1800 38 1803 ⁵
94 1806 314 1854 decimum.
390 1810 420 1832 “
441 1805 579 1850 censa
615 1806 765 1848 civium
804 1807 941 1862 capita
985 1814 1149 1848 centum
1186 1805 1347 1861 triginta
1381 1806 1465 1848 duo
1502 1805 1632 1850 millia

93 1882 361 1947 quadraginta
379 1897 541 1933 novem.
543 1881 568 1900 ''
628 1881 786 1935 Livius,
808 1867 978 1925 111224.

116 1998 130 2014 s
138 1957 281 2002 A-U.
296 1956 351 2000 C.
385 1962 486 2001 310.
534 1956 661 2000 creati
698 1972 888 1999 censores
937 1957 990 1999 L.
1023 1956 1215 2013 Papirius
1265 1955 1536 2011 Mugillanus,
1585 1965 1631 1999 et

95 2031 150 2079 L
160 2019 441 2097 ιΒιιιιψιτιιέιίιιι
469 2031 697 2075 Atratinus.
760 2031 918 2084 Livius,
945 2017 1016 2074 iv.
1045 2037 1086 2074 8.
1146 2030 1344 2074 Lustrum
1377 2045 1447 2073 x1.
1482 2032 1629 2075 fecere.

93 2106 217 2151 Fast-
227 2106 411 2165 Capitol.

150 2183 211 2227 A.
225 2181 282 2226 U.
299 2181 352 2226 C.
371 2183 471 2227 364.
530 2186 560 2208 “
581 2181 718 2240 Capta
737 2190 798 2224 est
819 2162 958 2224 Roma
976 2155 1105 2224 cum
1085 2197 1176 2239 Jam
1201 2181 1385 2238 capitum
1405 2148 1628 2224 liberorum

90 2273 215 2302 censa
232 2266 366 2301 essent
388 2263 482 2301 152.
503 2256 632 2300 millia
651 2256 859 2314 quingenti
877 2262 949 2303 7‘2..
951 2256 975 2274 '²
1035 2255 1147 2300 Plin.
1159 2270 1364 2298 xxxux.
1389 2263 1425 2300 l

148 2328 332 2377 A.U.C.
345 2336 447 2381 459.
480 2330 729 2374 Censoribus
746 2331 800 2374 P.
809 2329 1003 2374 Cornelio
1011 2331 1168 2374 Arvina
1183 2340 1225 2373 et
1238 2330 1290 2373 C.
1300 2330 1466 2374 Marcio
1480 2329 1627 2378 Rutilo

83 2410 122 2435 '“
137 2412 261 2452 censa
275 2406 460 2466 capitum
479 2406 609 2450 millia
626 2407 800 2449 ducenta
819 2405 1026 2462 sexaginta
1045 2406 1128 2448 duo
1149 2414 1329 2449 trecenta
1349 2405 1485 2462 viginti
1504 2406 1627 2448 duo?

90 2481 257 2545 Livius,
269 2496 319 2527 x.
336 2483 410 2531 47.
471 2483 556 2526 Sed
574 2490 682 2524 errat
710 2481 866 2535 Livius,
891 2490 964 2524 aut
983 2481 1120 2537 potius
1147 2496 1327 2524 erravere
1347 2481 1440 2539 ejus
1458 2479 1625 2532 librarii,

51 2563 59 2611 ¹,
89 2556 190 2601 affin
218 2556 421 2634 scripsere
458 2556 630 2600 lustrum
667 2557 748 2599 hoc
794 2556 920 2599 fuisse
958 2556 1312 2599 undevicesimum.
1372 2555 1468 2597 Fuit
1515 2552 1623 2599 enim

33 2622 37 2628 ¹
86 2620 265 2677 lustu-uni
286 2630 412 2675 xxx.
433 2645 506 2675 seu
521 2631 788 2689 trigesimum,
807 2640 852 2674 ut
866 2640 978 2688 patet
996 2646 1049 2674 ex
1066 2631 1197 2673 Fastis
1218 2629 1477 2687 Capitolinis.

132 2709 203 2751 A.
214 2706 275 2750 U.
290 2706 346 2751 C·
364 2711 466 2755 478.
522 2710 552 2732 “
570 2706 651 2750 Cn.
669 2706 884 2750 Domitius
903 2721 1048 2749 censor
1066 2705 1222 2765 primus
1239 2721 1290 2750 ex
1311 2704 1434 2762 plebe
1450 2703 1624 2747 lustrum

83 2781 292 2829 condidit:
322 2797 447 2826 censa
464 2790 558 2825 sunt
576 2781 727 2824 civium
747 2781 882 2839 capita
900 2779 1074 2824 ducenta
1087 2780 1344 2839 septuaginta
1362 2789 1459 2825 octo
1476 2777 1622 2831 millia,

85 2857 261 2918 ducents
276 2856 420 2915 viginti
438 2857 535 2900 duo.
535 2857 561 2876 ”
620 2856 730 2900 Livii
750 2856 964 2914 Epitome,
984 2870 1099 2900 xm.
