1858 3224
89 156 307 206 „efflas
358 156 676 200 -ANNALIUM
708 155 871 195 LmER
901 155 1150 197 DECIMUS
1178 159 1397 199 SEXTUS.
1562 152 1642 207 3'17

86 265 332 337 jtoea‘tidnis
343 263 393 313 in
406 261 664 313 Sardiniam
681 262 904 319 exactus,¹
926 273 1116 325 accepto
1129 264 1268 328 jussae
1283 266 1444 316 mortis
1454 267 1641 330 nuntio,

93 340 502 396 semetinterfecit.
553 339 700 396 Mela,
723 337 891 402 quibus
908 338 1065 386 Gallio
1089 351 1134 387 et
1157 343 1331 392 Seneca
1346 349 1362 367 ²
1379 348 1643 411 parentibus

91 436 246 483 natus,
267 420 486 487 petitione
502 418 738 465 honorum
759 415 1055 475 abstinuerat,
1083 435 1168 481 per
1189 422 1495 474 'ambitionem
1525 446 1657 493 prae-v

95 498 347 568 posteram,
381 509 434 546 ut
468 512 610 561 eques
645 495 888 542 Romanus
909 495 1226 545 consularibus
1259 503 1463 563 potentia
1493 523 1652 571 aequa··

98 590 258 628 retur:
293 576 432 626 simul
467 572 766 638 adquirendae
805 572 1013 636 pecuniae
1059 573 1243 623 brevius
1287 577 1374 625 iter
1412 583 1645 644 credebat,

98 668 183 723 per
205 653 552 722 procurationes
566 654 580 678 ³
604 650 970 699 administrandis
993 651 1215 721 Principis
1237 656 1446 720 negotiis.
1515 660 1646 710 Idem

99 739 338 785 Amiaeum
360 733 604 780 Lucanum
627 739 867 794 genuerat,
903 730 1079 794 grande
1114 731 1434 795 adjumentum
1464 736 1647 786 claritu-

100 811 246 862 dinisz
233 812 282 841 ⁴
313 825 412 882 quo
446 805 706 866 interfecto,
735 807 851 854 dum
881 823 982 854 rem
1011 805 1282 858 familiarem
1313 813 1444 877 ejus⁵
1483 815 1649 865 acriter

100 884 322 956 requirit,
342 896 658 935 accusatorem
694 875 892 932 concivit
921 885 1115 932 Fabium
1145 887 1431 950 Romanum,
1467 909 1527 940 ex
1548 893 1651 942 inti-

103 968 191 1018 mis
211 964 390 1015 Lucani
410 963 580 1012 amicis.
652 967 685 990 “
710 961 862 1009 Mixta
885 961 1005 1009 inter
1026 974 1205 1026 patrem
1228 965 1469 1032 filiumque
1493 973 1651 1037 conju-

102 1052 138 1077 “
159 1042 346 1094 rationis
367 1041 584 1091 scientia''
601 1039 805 1105 fingitur
826 1038 1106 1088 adsimulatis
1132 1043 1308 1090 Lucani
1331 1044 1500 1094 literis:
1539 1067 1653 1113 quas

104 1125 330 1190 inspectas
350 1122 484 1170 Nero
517 1124 551 1147 ‘⁶
573 1117 686 1167 ferri
707 1118 766 1165 ad
798 1119 942 1165 eum'’
961 1118 1112 1183 jussit,
1135 1120 1302 1184 opibus
1334 1125 1431 1189 ejus
1457 1124 1663 1177 inhiansj

105 1205 174 1252 At
194 1200 343 1260 Mela,
375 1215 482 1264 quae
504 1208 606 1246 tum
638 1195 946 1261 promtissima
963 1197 1124 1245 mortis
1146 1198 1235 1258 via,
1269 1202 1466 1250 exsolvit
1480 1221 1651 1255 venas:

107 1279 285 1347 scriptis
306 1271 545 1335 codicillis,
573 1276 742 1340 quibus
768 1275 995 1340 grandem
1026 1277 1268 1347 pecuniam
1286 1279 1334 1326 in
1351 1281 1662 1347 Tigellinum,

104 1371 428 1426 generumque
463 1356 562 1421 ejus
584 1353 927 1402 *Cossutianum
965 1353 1241 1418 Capitonem
1279 1361 1515 1424 erogabat,
1555 1364 1654 1428 quo

106 1447 260 1487 cetera
281 1444 534 1484 manerent.
603 1431 810 1480 Additur
831 1430 1069 1490 codicillis,
1091 1443 1328 1498 tamquam
1346 1436 1405 1484 de
1421 1436 1662 1503 iniquitate>

107 1513 233 1565 exitii
255 1527 454 1579 querens
474 1511 536 1559 ita
552 1510 802 1574 scripsisset
825 1515 858 1538 ‘⁶
881 1527 931 1558 se
945 1509 1133 1574 quidem
1151 1513 1280 1560 mori-
1292 1514 1430 1563 nullis
1448 1518 1659 1584 supplicii

111 1592 332 1650 ⁴‘·causis,
372 1590 571 1638 Rufium
606 1599 762 1636 autem
794 1588 1062 1652 Crispinum
1095 1601 1142 1637 et
1177 1590 1398 1640 Anicium
1427 1594 1660 1645 Cerialem

113 1669 261 1720 “atita
282 1668 394 1728 frui,
415 1666 619 1717 infensos
639 1665 841 1730 Principi
856 1667 907 1714 :''
933 1684 1039 1731 quae
1056 1668 1311 1732 composita
1333 1659 1659 1734 credebantur,

111 1751 172 1801 de
204 1746 440 1812 Crispino,
487 1745 594 1810 quia
627 1735 895 1793 interfectus
925 1757 1040 1803 erat,
1091 1746 1151 1793 de
1197 1746 1397 1807 Ceriale,
1427 1761 1479 1797 ut
1523 1750 1662 1799 inter-

112 1829 357 1881 flueren-tr·-
413 1825 584 1888 Neque
606 1821 727 1870 enim
754 1822 902 1870 multo
925 1823 1033 1886 post
1063 1823 1158 1870 vim
1180 1813 1274 1892 sibi·
1292 1825 1457 1886 attulit,
1481 1828 1662 1878 minore

111 1905 257 1972 quam
273 1902 413 1953 ceteri
429 1900 736 1960 miseratione,
759 1900 866 1966 quia
889 1901 1118 1967 proditam
1139 1902 1196 1950 C.
1223 1900 1429 1970 Caesari‘?
1451 1906 1661 1974 conjurass

111 1976 288 2033 tionem
308 1982 367 2031 ab
383 1997 440 2031 eo
457 1978 776 2030 meminerant.

187 2147 263 2189 18.
297 2138 379 2189 ΒΕ
405 2139 463 2189 C.
486 2137 704 2188 Petronio
718 2142 735 2169 ⁷
762 2154 907 2203 pauca
929 2154 1068 2202 supra
1089 2139 1339 2204 repetenda
1359 2151 1481 2190 sunt.
1538 2142 1664 2190 Nam

191 2314 207 2334 ¹
241 2315 293 2355 In
329 2315 546 2356 Sardiniam
579 2323 744 2355 exactus.
800 2315 855 2356 Ut
925 2330 1000 2362 sus,
1020 2324 1144 2355 vetere
1160 2314 1284 2354 Roma
1302 2316 1447 2366 dignos,
1465 2322 1503 2355 et
1517 2317 1663 2355 foecun-

119 2370 271 2419 dictum
289 2380 346 2410 est
359 2382 478 2422 supra
493 2371 638 2410 Annal
658 2384 725 2409 xv.
744 2376 809 2415 71.
926 2372 1060 2408 dandis
1079 2372 1236 2422 ingeniis
1255 2370 1417 2415 habiles,
1436 2372 1618 2423 suspicio.

132 2423 133 2426 '
174 2420 194 2441 ²
220 2425 355 2464 Gallio
379 2431 416 2464 et
445 2425 598 2464 Seneca
637 2425 738 2464 Vide
769 2438 856 2475 quae
982 2424 994 2446 ⁵
1017 2426 1108 2464 Rem
1116 2424 1351 2479 familiarem
1372 2439 1466 2476 qyus.
1500 2427 1663 2477 Magnas

114 2479 230 2518 dicta
245 2485 336 2518 sunt
347 2491 464 2531 supra
482 2479 624 2518 A.nnal
644 2492 717 2518 xv.
736 2483 801 2523 73.
931 2479 1078 2518 Lucani
1099 2492 1188 2530 opes
1218 2479 1354 2517 laudat
1371 2492 1526 2532 quoque
1546 2480 1663 2519 Juve-

122 2535 128 2542 “
178 2530 194 2552 ³
233 2532 312 2572 Per
342 2534 644 2584 procurationes.
688 2534 859 2572 Lucrosa
929 2533 1006 2572 nal.
1026 2545 1104 2572 v.11
1123 2538 1188 2578 79.

123 2594 421 2639 procuratorum
445 2588 605 2626 Ca-saris
627 2588 755 2626 officia
782 2588 860 2639 agi·
965 2606 1005 2631 ρο
1007 2607 1055 2631 m
1058 2608 1112 2630 „t
1117 2607 1172 2638 ,as
1154 2605 1223 2632 ma
1229 2614 1269 2638 1,
1290 2607 1338 2632 we
1352 2605 1413 2632 Lu
1481 2605 1650 2633 sunm-2„

125 2643 260 2680 tabant
276 2641 422 2692 equites
439 2651 478 2680 et
496 2641 638 2681 liberti.
964 2645 1154 2671 M1¹⁷1wr⁶i⁸·

177 2693 198 2717 ⁴
230 2695 389 2735 Grande
418 2696 671 2746 adjumentum
706 2696 863 2735 claritu—
985 2691 1001 2712 ⁶
1022 2695 1064 2734 C.
1084 2695 1238 2735 Caesari.
1263 2675 1374 2746 daug„
1364 2695 1465 2733 ulae.
1496 2695 1558 2733 De
1577 2709 1668 2734 con-

122 2749 239 2789 dinis.
269 2749 367 2788 Haec
384 2750 545 2788 audiant
562 2750 710 2788 Lucani
726 2763 863 2795 osores,
925 2751 1122 2800 juratione
1136 2750 1327 2788 diximus
1320 2763 1359 2787 m
1352 2730 1512 2801 USuppl.
1524 2750 1668 2789 Annal.

121 2816 266 2855 eosque
285 2803 540 2842 convitiorum
558 2804 717 2856 pudeat.
761 2805 862 2842 Novi
936 2809 1120 2843 v111.43.

127 2858 306 2908 equidem
321 2858 572 2896 adolescentis
584 2866 719 2910 poetae‚
734 2858 864 2919 patrui
991 2856 1006 2878 ⁷
1044 2859 1106 2897 De
1142 2857 1185 2895 C
1221 2857 1268 2895 Ρ
1269 2857 1674 2896 t1onio.1·:mendan-

123 2912 329 2962 aetatisque
355 2924 433 2950 suoe
461 2912 619 2951 auribus
653 2912 766 2950 nimis
803 2925 866 2950 ac·
938 2912 1046 2959 dum,
1076 2913 1121 2951 cle
1152 2913 1197 2949 '‘l.
1233 2912 1421 2949 Petronio.
1462 2911 1563 2949 Vide
1594 2921 1672 2952 not.

129 2965 379 3015 commodati,
395 2966 512 3012 vitia;
530 2967 595 3006 sed
610 2967 768 3018 grandes
785 2978 867 3005 sen-
939 2973 978 3005 ct
996 2966 1145 3005 emend.
1164 2965 1213 3004 ad
1235 2965 1374 3010 Anna).
1397 2977 1490 3004 xvi.
1514 2970 1575 3005 18.
