1858 3224
243 188 320 228 ³40
600 172 601 175 ’
632 181 797 221 NOTAE
827 179 895 218 ET
926 181 1366 223 EMENDATIONES

242 283 649 346 quindecimvirorum
693 283 881 336 rationes,
931 298 1030 338 quas
1081 284 1214 338 tradit,
1264 293 1408 343 utpote
1457 279 1766 345 probabiii'bres,

242 373 399 418 sequar.

302 434 432 478 Primi
451 434 535 476 ludi
555 432 750 475 seculares
771 431 866 473 editi
901 438 993 473 sunt
1024 431 1078 473 A.
1095 432 1149 474 U.
1172 433 1223 475 C.
1244 439 1342 483 998.
1357 421 1457 478 Μ.
1478 434 1658 492 Valerio,
1677 430 1766 495 Sp.

203 512 218 526 ⁸'
244 509 438 564 Verginio
459 506 705 550 consulibus.

303 582 478 626 Secundi
499 581 582 623 ludi
600 579 799 622 seculares
819 580 931 621 fue1e
954 580 1007 621 A.
1027 579 1083 622 U
1101 579 1152 622 C.
1174 586 1271 624 408.
1310 582 1378 624 M.
1399 583 1565 627 Valerio
1579 584 1765 631 Oen-ino

178 689 181 693 »
242 666 283 700 et
304 656 355 699 C.
373 655 534 698 Paetilio
554 653 801 696 consulibus.

299 730 431 774 Tertii
459 730 543 772 ludi
563 727 761 770 seculares
792 727 886 769 facti
917 726 970 768 A.
991 727 1042 769 U.
1061 727 1112 768 C.
1133 734 1231 770 518.
1275 729 1327 771 P.
1361 730 1555 774 Cornelio
1587 732 1764 778 Lentulo

244 813 284 847 et
318 804 370 846 C.
394 803 553 846 Licinio
573 804 685 845 Varo
716 801 963 844 consulibus.
1024 800 1094 843 Sic
1130 817 1293 860 quoque
1324 805 1435 848 Fasti
1463 806 1690 864 Capitolini
1714 809 1765 852 ad

239 879 347 922 hunc
367 893 527 930 annum,

527 1031 722 1076 LVDI.
771 1031 1240 1075 SECVLARES.
1283 1033 1498 1078 TERT.

242 1186 346 1229 Vide
368 1186 434 1228 Cl.
457 1187 652 1239 Piranesi,
685 1188 802 1231 Fasti
820 1189 1070 1240 coresulares;
1101 1197 1141 1230 et
1165 1189 1311 1242 Notas,
1341 1206 1383 1245 p.
1406 1196 1480 1244 19.

300 1261 445 1307 Quarti
464 1261 547 1303 ludi
567 1262 765 1305 seculares
785 1263 955 1319 spectati
976 1263 1031 1305 A.
1054 1262 1107 1304 U.
1129 1262 1182 1304 C.
1201 1263 1300 1306 628.
1323 1264 1390 1306 Μ.
1407 1263 1581 1307 AEmilio
1602 1261 1764 1322 Lepido

242 1343 282 1377 et
317 1334 368 1375 L.
400 1335 567 1378 Aurelio
603 1337 750 1379 Oreste
795 1334 1042 1379 consulibus.
1102 1336 1151 1378 Id
1192 1353 1356 1395 quoque
1385 1340 1525 1382 suadet
1565 1338 1764 1382 Horatius

241 1424 362 1463 supra
383 1408 579 1452 laudatus.

300 1483 478 1529 Quintos
506 1483 624 1525 ludos
651 1483 849 1526 seculares
878 1486 1009 1526 fecere
1027 1485 1239 1540 Augustus
1272 1496 1314 1529 et
1342 1486 1531 1543 Agrippa
1562 1486 1618 1530 A.
1633 1486 1693 1530 Ue
1709 1487 1761 1530 C.

242 1561 340 1611 737.
372 1556 423 1598 C.
445 1557 595 1600 Furnio
615 1567 654 1599 et
687 1558 737 1600 C.
758 1559 786 1601 J
791 1558 884 1600 unio
907 1558 1046 1601 Silano
1066 1559 1316 1603 consulibus.
1375 1560 1470 1603 Nec
1503 1560 1619 1604 aliter
1651 1561 1763 1609 Fasti

242 1629 462 1686 Capitolini
481 1633 531 1674 ad
549 1632 656 1675 hunc
670 1648 838 1686 annum,

463 1789 660 1832 LVDI.
712 1790 1178 1833 SECVLARES.
1224 1789 1544 1838 QVINCT.
1604 1818 1605 1822 =

242 1939 292 1984 ld
311 1951 386 1994 est,
417 1944 639 2000 ᾳηὶηεΐιὶτη,
671 1960 742 1987 seu
762 1946 963 2003 quintam.

219 2001 226 2007 .
300 2016 452 2058 sextos
482 2017 600 2060 ludos
644 2019 844 2062 seculares
878 2020 974 2062 fecit
1016 2019 1212 2062 Claudius
1244 2020 1299 2062 A.
1319 2018 1375 2063 U.
1397 2019 1454 2062 C.
1482 2025 1606 2063 800.-
1623 2020 1763 2077 spreta

239 2089 412 2131 seculari
430 2090 619 2134 ludorum
639 2092 742 2148 lege,
773 2102 815 2135 et
834 2094 1051 2150 praevalida
1084 2093 1176 2136 anni
1203 2095 1255 2136 ab
1286 2093 1342 2136 U.
1360 2093 1411 2136 C.
1442 2086 1769 2150 octingentesimi¹

238 2161 488 2206 celebritate.
548 2165 722 2208 Factum
751 2176 794 2209 ut
819 2178 1043 2220 excusaret,
1074 2167 1226 2210 edixit
1237 2166 1439 2211 seculares
1470 2168 1588 2211 ludos
1614 2169 1762 2212 antici-

231 2243 357 2292 patos
376 2238 429 2279 ab
451 2237 656 2295 Augusto,
688 2256 758 2283 nec
778 2241 959 2298 legitimo
980 2242 1151 2298 tempori
1172 2250 1392 2284 reservatos
1422 2242 1558 2310 fuisse,
1590 2243 1760 2286 Sueton.
1782 2262 1784 2265 ’

239 2309 281 2351 in
303 2309 447 2353 Claud.
469 2327 577 2354 xxi.
625 2313 718 2371 Ipse
737 2323 870 2358 tamen
889 2316 934 2358 in
952 2316 1129 2358 historiis
1146 2315 1229 2358 suis
1247 2316 1490 2372 prodiderat,
1519 2316 1763 2359 intermissos

238 2395 301 2424 eos
321 2382 552 2440 Augustum
571 2386 698 2429 multo
710 2387 1143 2456 pdst,dil1gentisszmc?
1162 2405 1361 2433 annorum
1381 2391 1538 2432 ratione
1550 2389 1761 2445 subducat,

239 2456 285 2498 in
305 2457 486 2499 ordinem
506 2459 713 2517 redegisse,
746 2462 916 2504 Sueton.
935 2462 1031 2514 ibid.

295 2530 488 2573 Testatur
509 2531 681 2587 Plinius,
713 2526 800 2576 v11.
830 2542 900 2578 48.
931 2541 960 2561 “
981 2536 1314 2592 Stephanionem,
1344 2536 1414 2594 qui
1433 2524 1586 2593 piimus
1605 2545 1760 2594 togatas

240 2603 383 2646 saltare
432 2605 616 2659 instituit,
677 2608 856 2665 utrisque
905 2609 1152 2652 secularibus
1196 2609 1300 2665 ludis
1340 2610 1522 2664 saltasse,
1569 2619 1612 2654 et
1660 2611 1760 2654 Divi

237 2678 429 2733 Augusti,
477 2688 519 2722 et
555 2697 658 2738 quos
693 2681 890 2725 Claudius
930 2683 1068 2726 Caesar
1105 2684 1317 2727 consulatu
1356 2699 1431 2727 suo
1469 2682 1613 2741 quart'o
1648 2685 1760 2739 fecit,

239 2752 399 2808 quando
419 2755 488 2797 63.
508 2762 550 2796 et
568 2770 651 2797 non
668 2756 840 2812 amplius
860 2747 952 2799 anni
981 2758 1238 2801 interfuere.'’
1297 2757 1413 2810 Inde,
1442 2763 1488 2802 ut
1505 2758 1626 2801 tradit
1654 2748 1759 2802 Stie-

239 2825 388 2881 tonius,
418 2827 496 2871 loc.
518 2828 588 2872 cit.
609 2834 647 2856 ³“
663 2829 759 2877 Vox
779 2831 975 2887 praeconis
993 2831 1108 2877 irrisa
1127 2840 1202 2886 est,
1232 2831 1431 2876 invitantis
1450 2846 1566 2876 more
1584 2824 1759 2876 solemni
