1858 3224
269 167 322 202 20
592 194 595 197 .
762 162 808 201 C.
825 162 1095 201 CORNELll
1123 161 1309 201 TACITI
1507 168 1556 203 Α.
1575 166 1626 205 U.
1645 167 1692 206 C.
1713 170 1792 206 800

269 269 306 294 “
339 282 390 314 se
411 276 576 331 patruo
598 263 831 324 ArmmiO,
867 282 954 312 avo
991 255 1261 324 Catumero,
1291 267 1531 330 praeberet.
1600 270 1703 318 Nec
1730 287 1808 334 pa-

270 347 306 371 “
339 354 461 391 trem
474 343 673 402 1rub0ri,¹
707 342 838 406 quod
861 342 1003 390 fidem
1024 343 1246 391 adversus
1271 343 1526 404 Romanos,
1548 346 1808 396 volentibus

268 423 303 447 “
340 421 605 479 Germanis,
633 431 849 478 summm,
879 436 1135 483 numquam
1159 421 1402 469 omisisset:
1439 420 1558 471 falso
1589 423 1807 474 libertatis

263 500 298 524 “
332 498 612 549 vocabulum
656 497 844 545 obtendi
882 498 939 544 ab
972 497 1042 556 iis,
1077 497 1156 561 qui
1201 498 1411 561 privatim
1445 501 1713 565 degeneres,
1753 501 1802 550 in

265 578 301 602 “
335 574 574 637 publicum
596 573 791 632 exitiosi,
813 573 926 621 nihil
945 574 1057 638 spei,
1080 574 1164 622 nisi
1181 592 1265 638 per
1287 575 1536 625 discordias
1552 577 1802 626 habeant-’⁹

270 651 581 714 Adstrepebat
614 650 720 699 huic
751 651 900 698 alacre
921 651 1120 716 vulgus;
1158 662 1203 698 et
1235 668 1403 717 magno
1419 653 1546 701 ‘inter
1578 655 1808 704 Barbaros

271 727 432 792 praelio
455 727 603 775 victor
624 745 739 787 rex3
778 727 885 775 dein
906 728 1110 776 secunda
1131 727 1318 777 fortuna
1341 731 1399 777 ad
1420 731 1681 795 superbiam
1702 749 1808 797 pro·

272 804 442 869 lapsus,
478 805 747 869 pulsusque,
786 821 837 853 ac
879 821 1038 852 rursus
1073 807 1488 871 Langobardorum
1506 811 1522 830 ²
1545 808 1708 872 opibus
1738 826 1810 858 re-

255 880 438 942 fectus,
452 899 536 947 per
558 882 678 942 laeta,
701 898 784 947 per
806 883 1012 941 adversa,
1034 899 1107 931 res
1132 883 1389 933 Cheruscas
1404 884 1676 934 adflictabat.

330 1034 418 1086 ²18.
454 1038 562 1086 PER
598 1038 721 1086 idem
757 1050 938 1104 tempus
963 1039 1173 1098 Chauci,³
1205 1038 1334 1087 nulla
1361 1039 1639 1098 dissensione
1661 1040 1806 1100 domi,

273 1125 320 1163 et
353 1126 503 1163 morte
543 1116 780 1180 Sanquinii
793 1119 812 1146 ⁴
854 1118 1043 1176 alacres,
1082 1117 1197 1166 dum
1231 1117 1441 1166 Corbulo
1477 1117 1707 1178 adventat,
1734 1118 1811 1167 'in-

272 1189 491 1240 feriorem
537 1194 839 1242 Germaniam
877 1194 1184 1255 incursavere,
1237 1195 1355 1243 duce
1401 1196 1677 1244 Gannasco:
1729 1195 1810 1260 qui

271 1269 455 1318 natione
488 1270 765 1333 Canninefas
781 1275 795 1300 ⁵
830 1272 1077 1332 auxiliaris,
1108 1283 1154 1321 et
1189 1272 1268 1321 diu
1295 1271 1511 1331 meritus,
1533 1283 1638 1343 post
1666 1283 1811 1321 trans-

271 1344 402 1412 fuga,
447 1347 624 1396 levibus
675 1349 864 1415 navigiis
908 1350 1267 1414 praedabundus,
1314 1349 1562 1398 Gallorum
1605 1349 1809 1399 maxime

270 1440 403 1475 oram
416 1421 433 1445 ⁶
471 1426 690 1484 vastabat,
726 1442 822 1474 non
860 1426 1048 1491 ignarus
1087 1427 1202 1475 dites
1240 1438 1285 1474 et
1317 1427 1526 1476 imbelles
1559 1444 1671 1476 esse.
1714 1430 1808 1476 =At

269 1502 484 1551 Corbulo
505 1501 808 1571 provinciam⁴
821 1500 1087 1568 ingressus,7
1124 1502 1294 1569 magna
1317 1519 1426 1552 cum
1447 1503 1578 1563 cura,
1613 1501 1660 1552 et
1693 1521 1810 1554 mox

271 1578 439 1645 gloria,
463 1579 538 1628 cui
559 1580 835 1644 principium
855 1580 934 1629 illa
950 1580 1108 1628 militia
1126 1579 1231 1640 fuit,
1253 1580 1460 1629 triremes
1481 1581 1612 1630 alveo
1637 1581 1810 1642 Rheni,

271 1667 446 1706 ceteras
467 1657 672 1716 navium,
702 1669 754 1706 ut
776 1675 974 1723 quaeque
1003 1658 1195 1718 habiles,
1227 1675 1312 1723 per
1331 1658 1541 1708 aestuaria
1562 1666 1615 1706 >et
1635 1657 1780 1708 fossas
1793 1657 1811 1681 ²³

270 1733 454 1799 adegit:
490 1734 793 1800 lintribusque
827 1737 1030 1784 hostium
1059 1736 1301 1802 depressis,
1331 1747 1378 1785 et
1412 1736 1811 1786 exturbato'Gan·

270 1825 429 1870 nasco,
458 1811 538 1860 ubi
570 1814 810 1876 praesentia
831 1815 936 1863 satis
958 1806 1210 1879 composita
1231 1826 1355 1873 sunt,
1377 1813 1580 1879 legiones
1613 1830 1809 1878 operum

272 1898 319 1936 et
358 1887 526 1937 laboris
563 1889 786 1955 ignavas,⁹
828 1891 1199 1955 populationibus
1238 1891 1459 1948 laetantes,
1502 1901 1707 1940 veterem
1736 1891 1809 1938 -ad

269 1981 452 2019 morem
485 1967 700 2015 reduxit:
737 1984 796 2017 ne
827 1969 929 2033 quis
963 1969 1146 2035 agmine
1182 1969 1442 2034 decederet,
1462 1983 1562 2016 ¹nee
1583 1983 1808 2034 pugnam,

287 2174 289 2177 .
329 2135 344 2154 ¹
384 2137 470 2176 Nec
495 2145 659 2190 ·patrem
705 2141 846 2179 rubori.
920 2141 1003 2193 Nec
1080 2142 1326 2191 occupabant
1344 2139 1620 2178 Canninefates.
1653 2153 1656 2157 ·

274 2189 413 2229 Italico
431 2200 577 2243 patrem
595 2206 709 2232 suum
739 2195 914 2232 Flavium
942 2208 1006 2233 ru-
1133 2190 1152 2211 ⁶
1180 2196 1376 2233 Gallorum
1393 2192 1676 2240 maxime-emm.
1717 2191 1816 2230 Illos·

273 2245 357 2282 bori
374 2258 463 2292 esse,
481 2246 586 2295 quod
617 2247 811 2294 Romanis,
840 2249 878 2285 in
906 2262 1002 2298 quo-
1080 2249 1249 2286 maxime
1286 2255 1441 2293 tractim,
1479 2259 1575 2297 quos
1618 2258 1721 2284 nunc
1750 2246 1809 2283 di-

270 2310 357 2336 rum
385 2300 530 2346 castris,
559 2301 879 2340 consentientibus
907 2302 1002 2340 Ger·
1080 2302 1201 2341 cimus
1213 2302 1392 2348 Zealand,
1411 2301 1595 2347 Brabant,
1614 2300 1808 2338 Flanders.
1844 2315 1846 2317 ’

270 2351 404 2398 manis,
427 2353 614 2404 stipendia
631 2363 831 2401 meruerat,
850 2355 999 2394 fidelem
1131 2353 1146 2368 ⁷
1179 2354 1416 2394 Provinciam
1451 2354 1654 2405 ingressus.
1713 2353 1809 2391 Ger-

268 2417 415 2455 semper
442 2420 479 2444 se
497 2408 741 2457 praestitisset.
796 2409 897 2446 Vide
914 2423 1000 2459 quae
1079 2410 1249 2447 maniam
1278 2408 1489 2446 inferiorem
1509 2407 1692 2458 ingressus
1713 2407 1809 2445 Cor-

270 2458 376 2496 dicta
394 2467 482 2499 sunt
495 2474 610 2510 supra
627 2461 768 2500 Annal.
781 2473 830 2499 11.
848 2466 923 2507 9et
938 2467 999 2501 10.
1079 2462 1186 2509 bulo,
1219 2462 1398 2501 maximis
1431 2460 1656 2512 reipublicae
1690 2460 1809 2511 impe-

323 2509 342 2527 ²
369 2511 714 2565 Langobardorum.
745 2516 783 2554 N
786 2528 861 2554 unc
875 2516 1000 2554 Bran·
1078 2517 1267 2554 tatoribus
1282 2515 1385 2553 haud
1403 2516 1540 2565 impar,
1559 2515 1657 2564 saepe
1674 2512 1808 2567 postea

270 2565 428 2617 deburg.
1078 2570 1357 2607 memorandus.

322 2615 339 2639 ³
369 2619 522 2658 Chauci.
550 2620 750 2660 Maritima
776 2623 874 2661 inter
893 2625 1001 2662 Ami·
1131 2620 1146 2643 ⁸
1177 2624 1254 2662 Per
1279 2623 1454 2661 estuaria
1471 2627 1509 2660 ee
1520 2621 1667 2676 fossas.
1722 2621 1821 2659 AEs·-

268 2672 378 2719 siam,
395 2675 457 2712 tlte
473 2673 575 2722 Ems,
592 2682 630 2712 et
644 2675 791 2724 Albim,
811 2678 873 2715 tlte
892 2677 999 2725 Eum,
1079 2677 1203 2715 tuaria
1217 2684 1255 2715 et
1272 2676 1378 2714 fossae
1395 2675 1571 2727 plurimae
1585 2675 1685 2713 inter
1701 2674 1809 2712 Scal-

267 2726 508 2766 habitabant.
1077 2730 1147 2778 dis,
1166 2731 1230 2768 tlte
1244 2729 1411 2778 Scheldt,
1430 2731 1563 2777 Mosae,
1580 2727 1643 2767 the
1663 2727 1809 2775 Mense,

321 2778 341 2800 ⁴
373 2780 506 2819 Morte
539 2780 750 2833 Sanquinii.
807 2783 998 2822 Inferioris
1075 2791 1114 2821 et
1127 2783 1250 2822 Rheni
1268 2783 1377 2822 ostia.

269 2834 488 2872 Germaniae
503 2835 686 2886 praefecti.
1128 2836 1146 2859 ⁹
1175 2836 1335 2875 Laboris
1364 2837 1534 2887 ignavas.
1590 2833 1721 2886 Vulgo
1749 2835 1807 2887 ig-

323 2885 338 2908 ⁵
368 2886 924 2940 Cannineffas.,Occidentalem
946 2891 1001 2929 in·
1074 2904 1202 2930 naras.
1258 2890 1359 2928 Vide
1391 2895 1471 2929 not.
1503 2895 1542 2928 et
1571 2889 1720 2944 emend.
1755 2889 1805 2928 ad

268 2940 362 2980 sulae
388 2942 636 2992 Batavorum,
656 2943 832 2994 Ument,
852 2951 1000 2998 partem
1052 2975 1053 2978 η
1073 2944 1216 2986 Annal.
1235 2955 1297 2984 xx.
1320 2947 1382 2983 18.
