1858 3224
281 170 357 204 154
757 165 804 203 C.
833 163 1098 204 CORNELII
1125 165 1308 205 TACITI
1511 170 1562 208 A.
1579 168 1631 208 U.
1646 170 1694 210 C.
1712 170 1804 211 sn.

273 265 375 316 lieri
397 275 564 316 cuncta
585 264 672 314 alia
691 265 840 324 fuere,
876 277 1044 330 praeter
1065 267 1311 333 honestum
1332 267 1554 321 animum.
1610 272 1806 336 Quippe

274 354 420 392 mater
445 345 576 409 ejus,¹
611 342 751 392 aetatis
774 359 869 391 suae
899 341 1111 391 foeminas
1136 344 1475 408 pulchritudine
1497 362 1806 412 supergressa,

272 419 469 486 gloriam
492 419 660 483 pariter
682 430 726 466 et
748 417 947 466 formam
971 419 1171 468 dederat.
1241 422 1370 485 Opes
1393 422 1651 470 claritudini
1660 421 1806 489 fgene-

267 497 339 546 ,ris
372 496 667 544 sufficiebant.
737 496 900 543 Sermo
935 495 1089 554 comis
1132 513 1217 545 nec
1251 499 1503 547 absurdum
1536 499 1802 564 ingeniumt

268 572 546 623 ‚modestiam
590 570 828 635 praeferre,
869 582 914 619 et
958 571 1138 639 lascivia
1171 573 1265 620 uti:
1314 590 1447 623 rarus
1482 574 1530 622 in
1567 576 1804 640 publicum

277 665 517 715 egressus;
553 647 692 713 idque
714 646 861 695 velata
883 659 1009 711 parte
1033 649 1140 707 oris,
1166 665 1224 696 ne
1246 650 1424 698 satiaret
1444 662 1697 716 aspectum,
1729 653 1805 701 vel

277 726 385 791 quia
417 725 482 774 sic
517 726 720 773 decebat.
789 726 942 774 Famae
982 741 1236 790 numquam
1275 727 1494 791 pepercit,
1534 729 1728 778 maritos·
1759 740 1806 777 et

273 799 509 852 adulteros
543 818 639 850 non
673 800 982 866 distinguens:
1019 818 1169 866 neque
1198 802 1379 851 affectui
1412 821 1514 863 suo,
1546 817 1626 853 aut
1642 805 1804 854 ,alieno
1857 866 1858 869 Ἴ

246 870 249 872 v
277 878 496 939 obnoxia,
530 879 653 927 unde
677 878 839 927 utilitas
862 879 1194 938 ostenderetur,
1227 880 1335 928 illuc
1360 881 1593 932 libidinem
1608 881 1803 941 'n-ansfe-

278 958 422 1005 rebat.
490 955 635 1021 Igitur
667 966 878 1020 agentem
914 973 1015 1004 eam
1044 957 1092 1005 in
1127 957 1417 1006 matrimonio
1447 959 1560 1006 Rufi
1583 957 1804 1023 Crispini,

278 1033 441 1098 equitis
466 1033 682 1091 Romani,
717 1049 776 1080 ex
816 1049 909 1096 quo
944 1032 1090 1081 filium
1126 1037 1381 1099 genuerat,²
1419 1035 1549 1082 Otho
1566 1036 1594 1079 ².
1614 1035 1803 1098 pellexit

274 1109 464 1176 juventa
486 1126 537 1157 ac
561 1110 695 1168 luxu,
728 1121 773 1157 et
796 1110 902 1174 quia
923 1109 1293 1175 flagrantissimus
1313 1111 1361 1159 in
1389 1110 1805 1161 amicitiasNemuia

277 1188 546 1236 habebatur.
612 1187 714 1235 Nec
745 1202 892 1246 mora,
926 1187 1037 1252 quin
1072 1187 1294 1236 adulterio
1330 1187 1671 1249 matiinmnimn
1688 1191 1803 1255 jun-

267 1275 480 1330 geretur.
1457 1284 1459 1286 ·

346 1406 425 1448 46.
463 1401 640 1459 OTHO,
664 1398 756 1448 sive
778 1416 934 1448 amore
955 1398 1180 1460 incautus,
1214 1401 1398 1450 laudare
1432 1407 1464 1430 ‘⁶
1484 1392 1686 1461 formaria
1715 1397 1805 1448 ele·
1837 1435 1839 1437 -

279 1482 312 1504 “
335 1476 625 1542 gantiamque
649 1476 839 1525 uxoris”
863 1478 985 1541 apud
1006 1478 1294 1542 Principem3
1331 1479 1423 1527 sive
1446 1489 1497 1525 ut
1518 1477 1803 1537 accenderet,

277 1570 346 1612 ac,
370 1553 407 1601 si
429 1552 591 1601 eadem
608 1552 800 1601 foemina
822 1554 1094 1617 potirentur,
1111 1555 1158 1602 id
1181 1572 1367 1619 quoque
1389 1555 1624 1603 vinculum
1646 1565 1805 1618 poten-

276 1630 386 1677 tiam
412 1629 453 1682 ei
475 1630 700 1695 adjiceret.
769 1632 903 1694 Saepe
937 1631 1115 1679 auditus
1146 1643 1213 1679 est
1235 1648 1516 1698 consurgens
1545 1631 1572 1683 ὲ,
1595 1630 1825 1679 convivio·

278 1706 490 1766 Caesaris,
525 1712 558 1734 ‘⁶
581 1723 630 1756 se
651 1707 716 1754 ire
737 1708 794 1754 ad
816 1707 958 1766 illam,
992 1707 1075 1755 sibi
1098 1710 1393 1757 concessam”
1426 1709 1648 1770 dictitans⁴
1666 1712 1702 1749 ‘5
1722 1724 1804 1754 no-

276 1789 311 1813 “
333 1784 569 1843 bilitatem,
591 1784 997 1848 pulchritudinem,
1031 1797 1136 1833 vota
1157 1787 1382 1844 omnium,
1406 1797 1451 1834 et
1471 1785 1639 1851 gaudia
1665 1782 1806 1832 felici-

275 1867 311 1890 “
334 1862 466 1910 um.'’
533 1861 619 1912 His
640 1872 777 1926 atque
799 1862 963 1911 talibus
984 1861 1295 1921 inritamentis,
1329 1879 1423 1911 non
1454 1863 1595 1928 longa
1622 1872 1804 1909 cuncta-

274 1938 340 1986 tio
368 1938 685 2002 interponitur.
755 1939 847 1987 Sed
877 1951 1064 2003 accepto
1087 1939 1229 2008 aditu,
1265 1940 1465 2004 Poppaea
1492 1938 1701 2017 primum
1718 1953 1806 2002 per

274 2014 583 2064 blandimenta
612 2026 658 2062 et
692 2026 809 2063 artes
838 2015 1082 2074 valescere,
1118 2021 1151 2043 ‘⁶
1169 2015 1392 2080 imparem
1422 2015 1622 2080 cupidini
1657 2030 1726 2073 se,
1758 2023 1805 2073 et
1857 2076 1858 2081 ¹

267 2085 310 2120 ”“
332 2090 485 2139 forma
506 2091 706 2140 Neronis
730 2094 941 2155 captam’'
965 2092 1211 2142 simulans:
1248 2109 1378 2152 mox,
1402 2092 1494 2140 acri
1510 2094 1607 2158 jam
1634 2089 1806 2140 Princi-

273 2169 342 2233 pis
364 2185 537 2227 amore,
571 2169 629 2216 ad
652 2170 911 2233 superbiam
933 2182 1131 2230 vertens,
1166 2171 1202 2219 si
1226 2170 1345 2219 ultra
1362 2185 1502 2218 unam
1523 2167 1804 2232 alteramque

272 2257 458 2302 noctem
480 2245 760 2306 attineretur,
785 2252 818 2276 ‘⁶
840 2260 1031 2312 nuptam
1049 2266 1146 2297 esse
1168 2248 1251 2297 se''
1268 2247 1493 2307 dictitans,
1516 2251 1551 2275 ‘⁶
1567 2261 1804 2310 necposse

275 2327 308 2350 ‘⁶
332 2323 673 2373 matrimonium
690 2323 912 2385 amittere,
936 2324 1192 2374 devinctam
1211 2324 1389 2373 Othoni
1410 2339 1494 2390 per
1514 2336 1661 2389 genus
1681 2321 1804 2380 vitaz,

276 2456 368 2494 dum
389 2455 579 2494 functum.
636 2457 894 2504 Quaesturam,
914 2462 1006 2497 teste
1077 2459 1216 2505 ludere,
1269 2457 1503 2509 mergendum.
1562 2454 1671 2501 mari,
1719 2454 1805 2492 dum

275 2509 458 2546 Suetonio
473 2509 511 2547 in
522 2511 611 2549 Ner.
624 2523 763 2549 xxxv,
777 2511 1007 2560 obtinuerat,
1071 2513 1297 2562 piscaretur,
1310 2510 1427 2549 servis
1441 2510 1554 2560 ipsius
1571 2508 1806 2547 demandavit

274 2562 352 2614 quai
371 2563 419 2600 ad
440 2563 681 2614 magistratus
699 2566 837 2604 aditus.
1081 2567 1195 2611 Nero,
1217 2565 1371 2603 Sueten.
1390 2563 1430 2600 in
1451 2563 1543 2601 Ner.
1562 2573 1698 2600 xxxv.

869 2660 875 2663 ,
1131 2614 1147 2638 ³
1167 2618 1275 2656 Otho.
1294 2615 1430 2656 Postea
1446 2617 1668 2667 Imperator.
1679 2614 1805 2655 ¹Amo-

329 2668 342 2686 ⁸
379 2669 512 2709 Mater
542 2673 634 2722 (jus.
682 2671 743 2708 De
777 2669 855 2720 qua
891 2685 1007 2723 supra
1077 2684 1154 2710 rem
1173 2671 1260 2710 vero
1279 2670 1442 2710 Othonis
1455 2676 1493 2707 et
1504 2669 1678 2720 Poppoeae
1696 2666 1806 2704 aliter
1829 2680 1836 2684 ·

274 2723 417 2762 Annal.
443 2736 504 2762 XI.
535 2730 569 2763 1.
599 2725 757 2773 Nosque
783 2725 950 2772 diximus
967 2726 1005 2764 in
1076 2732 1203 2763 narrat
1219 2724 1376 2773 Tacitus
1396 2723 1496 2761 Hist.
1515 2734 1548 2760 1.
1580 2725 1641 2760 13.
1686 2720 1731 2758 Id
1751 2732 1804 2757 re-

275 2776 412 2827 Suppl.
435 2778 575 2816 Annal.
597 2791 659 2816 xi.
681 2780 717 2815 5.
1006 2814 1017 2823 ‚
1075 2778 1226 2829 putanti
1248 2777 1338 2816 mihi
1366 2776 1487 2819 visum
1515 2781 1582 2820 est,
1609 2773 1804 2819 Tacitum,

345 2827 364 2846 ²
409 2830 543 2868 Filium
585 2837 782 2882 genuerat.
831 2830 1004 2882 Rufinum
1077 2833 1144 2882 qui
1175 2830 1282 2882 prius
1313 2830 1500 2868 Historias
1529 2827 1694 2879 scripsit,
1727 2838 1806 2864 cer·

275 2881 498 2934 Crispinum,
513 2898 625 2934 quem
640 2885 856 2934 impuberem
874 2886 1006 2932 adhuc,
1077 2885 1173 2923 tiora
1197 2884 1391 2931 edoctum²
1414 2882 1495 2922 haec
1524 2883 1562 2919 in
1590 2879 1811 2920 Annalibus

274 2937 362 2988 quia
374 2937 579 2988 ferebatur
608 2939 764 2976 ducatus
787 2943 824 2975 ct
852 2937 1004 2990 imperia
1076 2938 1285 2977 tradidisse.
1666 2955 1668 2957 >
1732 2948 1735 2951 ·
