1858 3224
283 195 338 233 10
767 192 816 232 C.
843 193 1109 234 CORNELII
1137 195 1324 241 TAcrrt
1519 205 1573 245 A.
1590 204 1642 246 U.
1657 207 1705 248 C.
1722 210 1818 250 800.

276 304 312 330 ‘⁸
334 295 471 347 famae
488 310 568 361 spe
589 305 864 389 praesumat.
851 295 871 331 Ρ
903 296 1009 345 usui
1037 309 1084 347 et
1115 300 1255 350 rebus
1275 301 1530 354 subsidium
1544 312 1816 374 preparari,

275 378 312 407 “
332 391 394 425 ne
427 374 530 440 quis
563 372 719 439 inopia
752 374 1082 423 advocatorum
1115 377 1447 440 potentioribus
1481 383 1715 437 ohnoxius
1740 390 1813 440 sit.

274 459 311 485 “
330 454 501 520 Neque
536 462 690 501 tamen
728 449 1036 516 eloquentiam
1073 455 1282 518 gramito
1318 458 1615 526 'contingeret
1665 465 1814 515 onuitti

272 535 310 564 ‘⁶
330 546 465 581 curas
485 528 745 587 familiareS,
768 527 821 576 ut'
842 529 944 594 quis
965 546 1014 578 se
1035 530 1191 580 alienis
1211 534 1407 600 negotiis
1424 535 1658 589 imendatt
1680 542 1817 591 rmul*

270 612 307 640 “
329 619 402 657 tos
423 605 601 666 militia,
634 604 861 671 quosdam
883 607 1144 656 exercendo
1165 625 1302 675 agros
1322 612 1520 663 tolerare
1537 615 1813 668 vinnam-

268 690 307 716 “
329 684 441 734 hil
419 702 448 733 a
471 699 706 749 quoquam
730 683 900 747 expeti,
938 685 1022 732 nisi
1053 688 1184 751 qu‘us
1212 684 1391 740 fructus
1415 691 1522 740 anti*¹
1540 693 1810 756 provida-it.

269 767 307 793 “
327 761 480 813 Facile
505 761 736 820 Asinium,
759 771 804 810 et
826 763 1092 822 Messalam,
1123 764 1249 813 inter
1265 768 1526 818 Antonium
1552 781 1601 819 et
1620 773 1812 839 Augus-

268 842 305 869 ‘⁶
326 850 429 888 tum
465 839 697 888 bellorum
730 838 930 901 praennis
967 839 1180 901 refertos,
1219 854 1314 892 aut
1336 844 1520 894 ditium·
1529 844 1810 906 familiarum

267 921 306 946 ‘⁶
327 916 522 965 heredes
542 914 791 964 Eserninos
821 926 866 963 et
900 916 1168 977 Arruntios,
1194 935 1417 986 magnum
1448 923 1668 977 animum
1657 925 1810 975 indu-

266 997 304 1023 “
325 993 428 1042 isse.
495 991 684 1041 Promta
712 991 796 1040 sibi
817 993 1049 1057 exempla,
1083 996 1261 1059 quantis
1295 1000 1587 1050 mercedibus
1609 1000 1666 1052 P.
1682 1001 1810 1053 'Clos

265 1074 302 1101 “
324 1070 445 1130 dius,
477 1080 557 1118 aut
581 1070 638 1118 C.
659 1068 822 1128 CuriO,
845 1070 1106 1118 concionari
1128 1072 1246 1120 soliti
1268 1074 1356 1122 sint
1372 1092 1387 1123 ε
1420 1092 1488 1136 se,
1503 1077 1718 1129 modicos
1737 1088 1807 1130 se*

264 1152 302 1177 ‘⁶
324 1159 524 1206 natores,
559 1145 714 1212 quieta
741 1146 995 1211 republica,
1031 1147 1175 1208 nulla,
1214 1150 1299 1199 nisi
1321 1152 1462 1215 pacis,
1495 1154 1808 1207 emo'hzmenta

262 1229 301 1255 “
322 1236 507 1290 petere:
557 1222 778 1289 cogitaret
822 1224 1024 1288 plebem,
1063 1243 1169 1289 quae
1205 1228 1316 1294 toga
1344 1230 1652 1282 -erfitesceret'z
1697 1236 1808 1284 sub-
1846 1263 1850 1267 -

261 1301 422 1351 “latis
455 1301 715 1350 studiorum
749 1301 921 1366 pretiiS,
954 1302 1091 1352 etiam
1126 1305 1275 1354 studia
1308 1307 1560 1371 peritura?
1629 1311 1806 1361 Utmi.

261 1380 357 1429 nus
379 1380 547 1429 decora
568 1380 688 1439 haec,
722 1379 782 1427 ita
805 1380 928 1428 haud
962 1378 1133 1429 frustra
1165 1383 1285 1432 dicta
1316 1385 1535 1452 Princeps
1556 1398 1699 1449 rann,
1731 1403 1806 1437 ca»

260 1457 438 1523 piendis
472 1457 676 1522 pecuniis
708 1458 859 1522 posuit
885 1460 1115 1519 modum,¹
1153 1478 1299 1527 usque
1330 1464 1390 1511 ad
1419 1462 1555 1513 dena
1565 1465 1804 1526 sem*

260 1551 404 1600 quem
424 1534 595 1601 egressi
615 1536 976 1600 repetundarum
997 1549 1277 1588 tenerentur.
1790 1581 1793 1584 a

327 1707 373 1750 8.
410 1702 513 1750 Suu
535 1700 660 1750 idem
680 1712 863 1766 tempus
892 1699 1200 1764 Mithridates,
1234 1722 1376 1770 quem
1406 1705 1688 1773 imperitasse
1709 1712 1802 1759 Ar..

256 1779 437 1839 meniis,
471 1790 516 1827 et
538 1779 596 1826 ad
619 1780 909 1843 praesenn'am
933 1782 1128 1832 Caesaris
1143 1786 1156 1810 ³
1186 1795 1371 1832 vectum
1393 1784 1683 1846 memoravi,⁴
1701 1780 1801 1836 fuo-

255 1868 396 1906 nente
420 1856 637 1916 Claudio,
671 1856 720 1904 in
740 1874 940 1923 regnum
961 1860 1196 1919 remeavit,
1231 1861 1341 1909 fisus
1362 1861 1680 1921 Pharasmanis
1702 1864 1799 1929 opi-

256 1933 360 1983 bus.
428 1934 473 1994 15
494 1950 580 1983 rex
608 1935 785 1994 Iberis,⁵
817 1936 1033 2002 idemque
1062 1938 1342 1987 Mithridatis
1373 1937 1532 2000 frater,
1564 1939 1799 1994 nuntiabat

255 2016 292 2040 “
314 2011 578 2060 discordare
598 2011 821 2061 Parthos.
858 2031 1131 2080 summaque
1156 2016 1334 2080 imperii
1356 2016 1588 2084 ambigua,
1620 2011 1800 2087 minora

257 2093 292 2118 “
314 2087 412 2139 sine
444 2105 559 2138 cura
591 2089 764 2139 haberi.
768 2091 801 2113 ”
868 2093 995 2141 Nam
1027 2093 1146 2143 inter
1179 2094 1400 2145 Gotarzis
1420 2095 1642 2166 pleraque
1677 2111 1800 2146 saeva

258 2278 429 2310 tesceret.
471 2272 642 2311 Sublatis
662 2273 876 2312 studiorum
896 2288 992 2326 prae-
1065 2277 1158 2315 dum
1177 2277 1288 2316 illum
1319 2290 1366 2316 nc
1393 2274 1431 2316 in
1460 2277 1694 2328 gravioribus
1712 2279 1796 2330 qui-

258 2326 687 2374 miis‚etiamstudia‚ac
700 2328 869 2368 maxime
884 2330 986 2379 apud
1065 2331 1150 2368 dem
1186 2331 1310 2381 egredi
1349 2337 1538 2382 poterant.
1609 2331 1720 2371 Unde
1754 2332 1795 2371 in

256 2379 422 2430 plebem,
473 2379 656 2431 peritura.
742 2380 863 2420 Porro
917 2379 988 2421 hac
1065 2385 1212 2434 Dignst.
1207 2362 1296 2423 olib.
1317 2396 1356 2423 ι.
1375 2385 1452 2423 Tit.
1474 2389 1537 2424 13.
1560 2384 1607 2423 de
1625 2394 1795 2425 extraor-

255 2439 368 2471 aetate
389 2433 435 2471 eo
463 2436 583 2484 magis
607 2435 882 2473 consulendum
910 2442 991 2473 erat
1063 2438 1219 2475 dinariis
1236 2438 1530 2494 cognitionibus.
1584 2439 1676 2490 Leg.
1694 2445 1729 2478 1.
1743 2452 1793 2478 ex

257 2486 376 2538 plebi,
422 2487 527 2538 quod
567 2489 711 2526 nobiles
751 2502 798 2527 ac
843 2489 989 2537 divites,
1064 2491 1244 2541 Ulpiano.
1301 2488 1429 2530 Licitiz
1456 2498 1578 2531 autem
1601 2494 1792 2544 quantitas

256 2539 370 2578 luxui
389 2542 727 2592 voluptatibusque
746 2541 878 2589 dediti,
906 2556 989 2580 ora·
1062 2545 1291 2597 intelligitur
1312 2558 1387 2595 pro
1411 2546 1570 2596 singulis
1586 2547 1707 2586 causis
1734 2561 1793 2586 us-

256 2594 364 2632 toriae
390 2595 482 2633 artis
505 2594 652 2633 labores
669 2596 986 2647 dedignabantur.
1063 2611 1132 2649 que
1150 2600 1200 2637 ad
1217 2605 1360 2637 centum
1378 2611 1523 2638 aureos.

1114 2647 1131 2671 ³
1153 2651 1324 2691 Coesaris
1353 2653 1437 2691 Caii
1455 2651 1655 2704 Caligulae..

328 2699 343 2718 ¹
375 2701 509 2747 P9suit
533 2703 691 2741 modum.
734 2703 988 2742 Senatuscon-
1114 2703 1134 2726 ⁴
1167 2705 1319 2744 Vectum
1349 2706 1559 2744 memoravi.
1587 2705 1684 2744 Haec
1711 2707 1791 2743 An-

244 2753 372 2802 salto,
399 2755 446 2793 de
474 2768 552 2806 quo
578 2757 663 2794 vide
683 2766 762 2795 not.
782 2765 820 2795 et
838 2759 986 2797 emend.
1061 2758 1209 2798 nalium
1227 2772 1314 2810 pars
1338 2760 1463 2811 periit.
1519 2760 1602 2798 Nos
1619 2759 1789 2805 diximus

254 2808 303 2846 ad
322 2809 466 2847 Annal.
487 2820 550 2848 xx.
569 2813 607 2853 7.
1062 2812 1099 2851 in
1119 2812 1246 2863 suppl.
1265 2812 1406 2851 Annal.
1425 2825 1524 2852 vm.
1543 2817 1610 2852 34.

309 2860 409 2902 ²Ad
426 2863 520 2901 dena
541 2863 727 2901 sestertia.
767 2864 885 2915 Angl.
905 2865 985 2903 831.
1115 2864 1128 2885 ⁵
1165 2866 1210 2904 Is
1247 2879 1313 2904 rex
1348 2865 1486 2907 Iberis.
1530 2866 1630 2906 Vide
1673 2877 1788 2916 supra

253 2912 311 2954 ὃς.
331 2916 392 2953 sd.
432 2917 528 2955 Haec
546 2916 703 2967 quidem
719 2929 797 2954 non
809 2918 847 2954 in
865 2919 986 2956 omni·
1060 2919 1201 2958 Annal.
1221 2931 1281 2959 vx.
1301 2923 1366 2958 32.

252 2970 326 3025 bu,
352 2970 478 3013 causis
505 2971 772 3023 accipiebant;
807 2972 870 3009 sed
905 2983 985 3010 mo-
