1832 3230
238 158 318 194 430
589 153 753 192 NOTAE
783 153 851 192 ET
881 151 1333 199 EMENDATIONES,
1369 152 1444 190 &c.

236 253 377 296 lentid.
439 253 542 296 MS.
563 253 666 311 Agr.
696 256 876 298 secordia
905 255 1051 297 mentis
1082 254 1109 296 ἆ
1144 253 1320 297 Claudio
1349 253 1426 299 bili
1452 268 1508 316 an
1525 251 1763 297 vinolentid.

234 327 443 370 Mendose
468 327 511 370 in
537 328 713 371 editione
739 329 937 385 principe,
966 328 1191 371 socordiam
1219 330 1325 370 necis
1349 327 1407 369 ad
1436 325 1679 371 Claudiifioe'
1693 343 1764 371 ¹an

234 401 471 444 vinolentia.
531 401 652 444 Unde
674 404 779 445 forte
800 388 898 444 vera,
912 411 972 446 est
992 402 1144 444 codicis
1168 401 1389 450 Florentini
1409 400 1620 458 scriptura.
1640 390 1642 394 ‚

295 475 443 518 Soluta
464 476 592 518 alvus.
642 462 791 519 MSS.
813 476 937 519 Bodl.
956 477 983 520 J
988 492 1044 520 es.
1065 485 1107 519 et
1123 476 1267 518 Guelf.
1285 475 1459 518 solutam
1478 473 1631 518 alvum.
1695 524 1698 528 Α

293 623 414 665 CAP.
435 624 504 666 68.
541 622 781 665 Vocabatur
801 623 979 665 interim.
1014 622 1136 665 Male
1157 622 1281 664 editio
1302 622 1504 679 princeps,
1524 621 1765 666 vexabatur.

292 696 410 739 Dum
429 712 491 739 res
504 697 722 753 firmando
752 694 928 739 Neronis
946 697 1128 753 imperio.
1186 695 1251 739 Ita
1271 695 1522 738 Puteolanus
1540 703 1582 738 et
1598 694 1768 738 recenti-

234 787 340 814 ores.
400 770 450 812 In
471 771 573 813 MS.
594 771 705 812 Flor.
723 771 819 812 dum
839 786 902 812 res
901 769 1051 828 forent
1054 770 1285 827 firmando.
1327 769 1432 812 MS.
1455 768 1561 827 Reg.
1579 769 1765 812 eteditio

234 844 438 901 princeps,
472 844 644 901 dumque
677 860 738 887 res
753 844 903 902 forent
918 844 1137 901 firmando
1169 843 1346 886 Neronis
1373 844 1600 900 imperium·
1660 843 1765 886 MS.

235 917 338 972 Agr.
358 917 454 959 dum
473 933 561 975 qaae
579 933 639 960 res
644 917 795 976 forent
798 918 1029 974 firmando.
1090 918 1190 960 Inde
1218 919 1459 960 emendabat
1478 915 1505 959 J
1509 933 1584 960 ac.
1599 917 1766 975 Grono-

234 991 336 1042 vius,
366 991 463 1034 dam
494 1007 554 1033 res
570 990 688 1048 foris
705 992 946 1047 firmando.-
979 992 1190 1044 Heinsius,
1232 992 1342 1043 dum,
1383 1007 1469 1050 quae
1500 991 1520 1033 ὲ
1554 1007 1598 1035 re
1615 990 1766 1050 forent

219 1065 436 1121 firmando
448 1081 462 1114 ,-
501 1065 712 1118 Ernestus,
751 1065 860 1118 dam,
891 1082 978 1123 qnae
1002 1065 1152 1123 forent
1174 1065 1404 1122 firmando.
1465 1065 1581 1108 Bene
1611 1081 1764 1109 onmes.

237 1138 353 1180 Bene
374 1153 538 1195 quoque
559 1139 827 1192 Puteolanus,
848 1139 916 1181 cui
936 1139 1206 1195 suffragantur
1229 1139 1367 1181 MSS.
1389 1138 1509 1182 Harl.
1533 1138 1656 1182 Bold.
1675 1139 1765 1184 Jes.

235 1211 287 1254 In
306 1212 409 1254 MS.
429 1212 457 1255 J
462 1228 517 1254 es.
542 1212 699 1255 Neroni
718 1229 794 1268 pro
817 1211 1026 1273 Neronis-V

293 1285 364 1328 Ex
383 1287 546 1328 monitis
570 1286 855 1329 Chaldaeorum
876 1287 1128 1330 adventaret.
1171 1286 1308 1331 MSS.
1330 1288 1441 1330 Flor.
1461 1296 1502 1343 et
1522 1288 1564 1331 in
1584 1274 1764 1346 margine

235 1360 339 1402 MS.
361 1359 484 1402 Harl.
537 1361 605 1403 Sic
627 1377 791 1417 quoque
810 1360 1006 1403 editiones
1026 1371 1193 1404 veteres.
1245 1359 1467 1405 Rhenanns
1483 1362 1506 1405 ὲ
1527 1362 1631 1406 MS.
1653 1363 1763 1406 Bud.

234 1440 475 1476 attentaret.
535 1433 653 1476 Idem
686 1435 837 1477 habent
875 1420 1012 1478 MSS.
1048 1435 1168 1478 Harl.
1204 1444 1245 1478 et
1273 1437 1360 1479 Jes.
1420 1435 1471 1478 In
1503 1435 1606 1480 MS.
1640 1435 1764 1480 Bodl.

234 1514 497 1550 attentarent.
1122 1514 1125 1518 “
1318 1510 1321 1513 ’

294 1648 506 1700 ΟΑΡζ69.
540 1653 722 1696 Tertium
742 1661 838 1698 ante
857 1654 948 1697 idus
971 1654 1172 1697 Octobris.
1203 1654 1340 1697 MSS.
1354 1654 1466 1698 Flor.
1477 1654 1508 1699 J
1510 1670 1566 1698 es.
1581 1662 1624 1698 et
1641 1655 1764 1703 editio

231 1726 438 1782 princeps.
468 1725 519 1767 In
541 1727 644 1770 MS.
658 1728 792 1785 Bodl.
817 1727 1023 1771 Octobres.
1054 1729 1273 1772 Rhenanus
1289 1729 1444 1792 primus
1463 1730 1601 1784 edidit,
1616 1731 1764 1781 tertio..

281 1797 369 1858 'Ad
398 1800 615 1842 cohortem.
676 1801 790 1844 Bene
821 1803 944 1845 editio
963 1803 1170 1859 princeps,
1202 1802 1421 1847 Rhenanus
1439 1813 1482 1848 et
1507 1804 1762 1848 recentiores.

235 1873 287 1916 In
308 1873 446 1916 MSS.
470 1874 590 1918 Harl.
613 1875 736 1917 Bodl.
750 1876 779 1919 J
782 1892 839 1918 es.
859 1886 900 1919 et
922 1876 1184 1930 Puteolanus,
1204 1876 1230 1919 ἂ
1246 1877 1418 1921 cohorte.
1438 1902 1454 1919 0

299 1946 383 1997 szj
403 1946 675 1992 Britannicus
694 1958 802 1993 esset.
862 1950 982 1994 Esset
999 1953 1114 1995 abest
1132 1950 1157 1994 ὲ
1177 1951 1279 1996 MS.
1300 1952 1330 1996 J
1332 1967 1387 1996 es.
