<?xml version="1.0" encoding="UTF-8"?>
<!DOCTYPE html PUBLIC "-//W3C//DTD XHTML 1.0 Transitional//EN"
    "http://www.w3.org/TR/xhtml1/DTD/xhtml1-transitional.dtd">
<html xmlns="http://www.w3.org/1999/xhtml" xml:lang="en" lang="en">
 <head>
  <title>
</title>
<meta http-equiv="Content-Type" content="text/html;charset=utf-8" />
  <meta name='ocr-system' content='tesseract 3.04.00' />
  <meta name='ocr-capabilities' content='ocr_page ocr_carea ocr_par ocr_line ocrx_word'/>
</head>
<body>
  <div class='ocr_page' id='page_1' title='image "./operarecognovite02taciuoft_0491.png"; bbox 0 0 1832 3230; ppageno 0'>
   <div class='ocr_carea' id='block_1_1' title="bbox 122 110 1605 198">
    <p class='ocr_par' dir='ltr' id='par_1_1' title="bbox 122 110 1605 198">
     <span class='ocr_line' id='line_1_1' title="bbox 122 110 1605 198; baseline 0.005 -22"><span class='ocrx_word' id='word_1_1' title='bbox 122 120 127 124; x_wconf 81' lang='grc'><strong>’</strong></span> <span class='ocrx_word' id='word_1_2' title='bbox 175 171 177 174; x_wconf 94' lang='grc'><strong>.</strong></span> <span class='ocrx_word' id='word_1_3' title='bbox 263 110 525 198; x_wconf 48' lang='grc' dir='ltr'><strong>ἤκουε.</strong></span> <span class='ocrx_word' id='word_1_4' title='bbox 557 137 674 177; x_wconf 85' lang='lat' dir='ltr'>xm.</span> <span class='ocrx_word' id='word_1_5' title='bbox 705 139 840 177; x_wconf 82' lang='lat' dir='ltr'><strong>ANN.</strong></span> <span class='ocrx_word' id='word_1_6' title='bbox 871 139 918 178; x_wconf 82' lang='lat' dir='ltr'>c,</span> <span class='ocrx_word' id='word_1_7' title='bbox 946 139 1114 180; x_wconf 84' lang='lat' dir='ltr'><strong>CORN.</strong></span> <span class='ocrx_word' id='word_1_8' title='bbox 1142 140 1342 197; x_wconf 77' lang='lat' dir='ltr'>TAcl&#39;rr.</span> <span class='ocrx_word' id='word_1_9' title='bbox 1524 147 1605 184; x_wconf 78' lang='lat'>483</span> 
     </span>
    </p>
   </div>
   <div class='ocr_carea' id='block_1_2' title="bbox 45 222 1605 366">
    <p class='ocr_par' dir='ltr' id='par_1_2' title="bbox 45 222 1605 366">
     <span class='ocr_line' id='line_1_2' title="bbox 86 222 1605 290; baseline 0.003 -4"><span class='ocrx_word' id='word_1_10' title='bbox 86 222 411 286; x_wconf 61' lang='lat' dir='ltr'>‘Exactionibus</span> <span class='ocrx_word' id='word_1_11' title='bbox 430 238 604 283; x_wconf 70' lang='lat' dir='ltr'><em>illicitis.</em></span> <span class='ocrx_word' id='word_1_12' title='bbox 664 240 729 284; x_wconf 86' lang='lat' dir='ltr'>Ita</span> <span class='ocrx_word' id='word_1_13' title='bbox 751 241 974 285; x_wconf 86' lang='lat' dir='ltr'>Rhenanus</span> <span class='ocrx_word' id='word_1_14' title='bbox 1006 251 1047 285; x_wconf 91' lang='lat' dir='ltr'>et</span> <span class='ocrx_word' id='word_1_15' title='bbox 1078 244 1325 288; x_wconf 85' lang='lat' dir='ltr'>recentiores</span> <span class='ocrx_word' id='word_1_16' title='bbox 1345 261 1502 290; x_wconf 86' lang='lat' dir='ltr'>omnes.</span> <span class='ocrx_word' id='word_1_17' title='bbox 1549 246 1605 290; x_wconf 87' lang='lat' dir='ltr'>In</span> 
     </span>
     <span class='ocr_line' id='line_1_3' title="bbox 45 314 1601 366; baseline 0.003 -5"><span class='ocrx_word' id='word_1_18' title='bbox 45 314 297 361; x_wconf 76' lang='lat' dir='ltr'>editionibus</span> <span class='ocrx_word' id='word_1_19' title='bbox 312 315 520 358; x_wconf 83' lang='lat' dir='ltr'>veteribus</span> <span class='ocrx_word' id='word_1_20' title='bbox 556 329 603 357; x_wconf 76' lang='lat' dir='ltr'>ex</span> <span class='ocrx_word' id='word_1_21' title='bbox 638 316 912 359; x_wconf 65' lang='lat' dir='ltr'>auctionibus.</span> <span class='ocrx_word' id='word_1_22' title='bbox 963 315 1014 359; x_wconf 92' lang='lat' dir='ltr'>In</span> <span class='ocrx_word' id='word_1_23' title='bbox 1047 316 1151 360; x_wconf 90' lang='lat' dir='ltr'>MS.</span> <span class='ocrx_word' id='word_1_24' title='bbox 1180 319 1271 363; x_wconf 86' lang='lat' dir='ltr'>Jes.</span> <span class='ocrx_word' id='word_1_25' title='bbox 1309 336 1358 364; x_wconf 73' lang='lat' dir='ltr'>ex</span> <span class='ocrx_word' id='word_1_26' title='bbox 1395 322 1601 366; x_wconf 78' lang='lat' dir='ltr'><em>auctione.</em></span> 
     </span>
    </p>
   </div>
   <div class='ocr_carea' id='block_1_3' title="bbox 0 367 712 436">
    <p class='ocr_par' dir='ltr' id='par_1_3' title="bbox 0 367 712 436">
     <span class='ocr_line' id='line_1_4' title="bbox 0 367 712 436; baseline -0.003 -3"><span class='ocrx_word' id='word_1_27' title='bbox 0 367 28 418; x_wconf 59' lang='lat' dir='ltr'><strong>F</strong></span> <span class='ocrx_word' id='word_1_28' title='bbox 45 385 102 434; x_wconf 81' lang='lat' dir='ltr'>In</span> <span class='ocrx_word' id='word_1_29' title='bbox 117 389 223 436; x_wconf 86' lang='lat' dir='ltr'>MS.</span> <span class='ocrx_word' id='word_1_30' title='bbox 244 388 373 433; x_wconf 87' lang='lat' dir='ltr'>Bodl.</span> <span class='ocrx_word' id='word_1_31' title='bbox 391 390 712 434; x_wconf 73' lang='lat' dir='ltr'>exauctoribus.</span> 
     </span>
    </p>
   </div>
   <div class='ocr_carea' id='block_1_4' title="bbox 0 532 1599 669">
    <p class='ocr_par' dir='ltr' id='par_1_4' title="bbox 43 532 1599 669">
     <span class='ocr_line' id='line_1_5' title="bbox 104 532 1599 593; baseline 0.002 -16"><span class='ocrx_word' id='word_1_32' title='bbox 104 532 227 579; x_wconf 67' lang='lat' dir='ltr'><strong>CAP.</strong></span> <span class='ocrx_word' id='word_1_33' title='bbox 247 539 319 578; x_wconf 78' lang='lat'>52</span> <span class='ocrx_word' id='word_1_34' title='bbox 344 533 580 592; x_wconf 79' lang='lat' dir='ltr'>Imperium</span> <span class='ocrx_word' id='word_1_35' title='bbox 621 534 709 577; x_wconf 74' lang='lat' dir='ltr'>illic</span> <span class='ocrx_word' id='word_1_36' title='bbox 748 535 994 579; x_wconf 63' lang='lat' dir='ltr'>habuerant.</span> <span class='ocrx_word' id='word_1_37' title='bbox 1055 535 1225 593; x_wconf 87' lang='lat' dir='ltr'>Lipsius</span> <span class='ocrx_word' id='word_1_38' title='bbox 1262 545 1305 580; x_wconf 88' lang='lat' dir='ltr'>et</span> <span class='ocrx_word' id='word_1_39' title='bbox 1337 539 1599 582; x_wconf 80' lang='lat' dir='ltr'>recentiores.</span> 
     </span>
     <span class='ocr_line' id='line_1_6' title="bbox 0 606 1598 669; baseline 0.003 -19.112"><span class='ocrx_word' id='word_1_40' title='bbox 0 606 97 659; x_wconf 75' lang='lat' dir='ltr'>»ln</span> <span class='ocrx_word' id='word_1_41' title='bbox 131 607 334 669; x_wconf 57' lang='lat' dir='ltr'>veteribus</span> <span class='ocrx_word' id='word_1_42' title='bbox 365 608 630 661; x_wconf 67' lang='lat' dir='ltr'>editionibus,</span> <span class='ocrx_word' id='word_1_43' title='bbox 663 609 909 655; x_wconf 78' lang='lat' dir='ltr'>hahuerunt.</span> <span class='ocrx_word' id='word_1_44' title='bbox 976 609 1046 653; x_wconf 88' lang='lat' dir='ltr'>Sic</span> <span class='ocrx_word' id='word_1_45' title='bbox 1081 621 1122 653; x_wconf 88' lang='lat' dir='ltr'>et</span> <span class='ocrx_word' id='word_1_46' title='bbox 1161 611 1300 655; x_wconf 83' lang='lat' dir='ltr'><strong>MSS.</strong></span> <span class='ocrx_word' id='word_1_47' title='bbox 1324 611 1447 654; x_wconf 86' lang='lat' dir='ltr'><strong>Harl.</strong></span> <span class='ocrx_word' id='word_1_48' title='bbox 1473 612 1598 655; x_wconf 82' lang='lat' dir='ltr'>Bodl.</span> 
     </span>
    </p>
   </div>
   <div class='ocr_carea' id='block_1_5' title="bbox 43 766 1597 902">
    <p class='ocr_par' dir='ltr' id='par_1_5' title="bbox 43 766 1597 902">
     <span class='ocr_line' id='line_1_7' title="bbox 73 766 1597 827; baseline 0.002 -16.058"><span class='ocrx_word' id='word_1_49' title='bbox 73 766 385 827; x_wconf 80' lang='lat' dir='ltr'>Pomponi-um</span> <span class='ocrx_word' id='word_1_50' title='bbox 408 768 643 812; x_wconf 81' lang='lat' dir='ltr'>Silvanum.</span> <span class='ocrx_word' id='word_1_51' title='bbox 704 767 770 812; x_wconf 86' lang='lat' dir='ltr'>Ita</span> <span class='ocrx_word' id='word_1_52' title='bbox 801 769 895 812; x_wconf 85' lang='lat' dir='ltr'>libri</span> <span class='ocrx_word' id='word_1_53' title='bbox 935 786 1092 813; x_wconf 88' lang='lat' dir='ltr'>omnes.</span> <span class='ocrx_word' id='word_1_54' title='bbox 1154 770 1276 813; x_wconf 87' lang='lat' dir='ltr'>Unde</span> <span class='ocrx_word' id='word_1_55' title='bbox 1306 771 1371 813; x_wconf 90' lang='lat' dir='ltr'>hic</span> <span class='ocrx_word' id='word_1_56' title='bbox 1409 771 1597 815; x_wconf 86' lang='lat' dir='ltr'>Silvanus</span> 
     </span>
     <span class='ocr_line' id='line_1_8' title="bbox 43 842 1531 902; baseline 0.001 -15"><span class='ocrx_word' id='word_1_57' title='bbox 43 842 228 888; x_wconf 67' lang='lat' dir='ltr'>diversus</span> <span class='ocrx_word' id='word_1_58' title='bbox 243 843 403 893; x_wconf 78' lang='lat' dir='ltr'>videtur</span> <span class='ocrx_word' id='word_1_59' title='bbox 421 842 446 886; x_wconf 70' lang='lat' dir='ltr'>a</span> <span class='ocrx_word' id='word_1_60' title='bbox 466 843 649 898; x_wconf 84' lang='lat' dir='ltr'>Silvano,</span> <span class='ocrx_word' id='word_1_61' title='bbox 671 860 766 886; x_wconf 88' lang='lat' dir='ltr'>sene</span> <span class='ocrx_word' id='word_1_62' title='bbox 786 844 926 896; x_wconf 81' lang='lat' dir='ltr'>divite,</span> <span class='ocrx_word' id='word_1_63' title='bbox 947 846 998 887; x_wconf 92' lang='lat' dir='ltr'>de</span> <span class='ocrx_word' id='word_1_64' title='bbox 1018 845 1226 902; x_wconf 80' lang='lat' dir='ltr'>quoinfra</span> <span class='ocrx_word' id='word_1_65' title='bbox 1251 845 1362 888; x_wconf 87' lang='lat' dir='ltr'>Hist.</span> <span class='ocrx_word' id='word_1_66' title='bbox 1385 860 1439 888; x_wconf 90' lang='lat'><strong>11.</strong></span> <span class='ocrx_word' id='word_1_67' title='bbox 1461 847 1531 890; x_wconf 88' lang='grc'>86.</span> 
     </span>
    </p>
   </div>
   <div class='ocr_carea' id='block_1_6' title="bbox 41 923 1635 1197">
    <p class='ocr_par' dir='ltr' id='par_1_6' title="bbox 100 923 1117 988">
     <span class='ocr_line' id='line_1_9' title="bbox 100 923 1117 988; baseline 0.001 -16.007"><span class='ocrx_word' id='word_1_68' title='bbox 100 923 345 988; x_wconf 68' lang='lat' dir='ltr'>Valuitque.</span> <span class='ocrx_word' id='word_1_69' title='bbox 409 927 502 974; x_wconf 79' lang='lat' dir='ltr'>Que</span> <span class='ocrx_word' id='word_1_70' title='bbox 520 931 638 972; x_wconf 87' lang='lat' dir='ltr'>abest</span> <span class='ocrx_word' id='word_1_71' title='bbox 658 927 683 970; x_wconf 67' lang='grc' dir='ltr'>ὃ,</span> <span class='ocrx_word' id='word_1_72' title='bbox 705 929 808 972; x_wconf 87' lang='lat' dir='ltr'>MS.</span> <span class='ocrx_word' id='word_1_73' title='bbox 830 930 966 972; x_wconf 87' lang='lat' dir='ltr'>Vatic.</span> <span class='ocrx_word' id='word_1_74' title='bbox 994 931 1117 973; x_wconf 78' lang='lat'><strong>1864.</strong></span> 
     </span>
    </p>

    <p class='ocr_par' dir='ltr' id='par_1_7' title="bbox 41 1002 1635 1197">
     <span class='ocr_line' id='line_1_10' title="bbox 108 1002 1596 1061; baseline 0.001 -15"><span class='ocrx_word' id='word_1_75' title='bbox 108 1002 233 1047; x_wconf 78' lang='lat' dir='ltr'>Ultra</span> <span class='ocrx_word' id='word_1_76' title='bbox 253 1003 398 1047; x_wconf 80' lang='lat' dir='ltr'>vitam</span> <span class='ocrx_word' id='word_1_77' title='bbox 404 1003 682 1047; x_wconf 79' lang='lat' dir='ltr'>eorum.1ta</span> <span class='ocrx_word' id='word_1_78' title='bbox 702 1004 829 1046; x_wconf 90' lang='lat' dir='ltr'>editio</span> <span class='ocrx_word' id='word_1_79' title='bbox 849 1004 1053 1061; x_wconf 87' lang='lat' dir='ltr'>princeps.</span> <span class='ocrx_word' id='word_1_80' title='bbox 1107 1005 1243 1047; x_wconf 89' lang='lat' dir='ltr'><strong>MSS.</strong></span> <span class='ocrx_word' id='word_1_81' title='bbox 1265 1004 1378 1047; x_wconf 88' lang='lat' dir='ltr'>Flor.</span> <span class='ocrx_word' id='word_1_82' title='bbox 1403 1003 1532 1047; x_wconf 87' lang='lat' dir='ltr'>Corb.</span> <span class='ocrx_word' id='word_1_83' title='bbox 1543 1014 1596 1049; x_wconf 88' lang='lat' dir='ltr'>-et</span> 
     </span>
     <span class='ocr_line' id='line_1_11' title="bbox 43 1077 1595 1131; baseline 0 -9"><span class='ocrx_word' id='word_1_84' title='bbox 43 1078 260 1122; x_wconf 80' lang='lat' dir='ltr'>Emestus.</span> <span class='ocrx_word' id='word_1_85' title='bbox 287 1077 564 1131; x_wconf 78' lang='lat' dir='ltr'>Puteolanus</span> <span class='ocrx_word' id='word_1_86' title='bbox 597 1086 638 1121; x_wconf 89' lang='lat' dir='ltr'>et</span> <span class='ocrx_word' id='word_1_87' title='bbox 674 1078 813 1122; x_wconf 88' lang='lat' dir='ltr'><strong>MSS.</strong></span> <span class='ocrx_word' id='word_1_88' title='bbox 849 1078 969 1121; x_wconf 82' lang='lat' dir='ltr'>Harl.</span> <span class='ocrx_word' id='word_1_89' title='bbox 1011 1078 1136 1122; x_wconf 91' lang='lat' dir='ltr'>Bodl.</span> <span class='ocrx_word' id='word_1_90' title='bbox 1171 1079 1261 1123; x_wconf 91' lang='lat' dir='ltr'>Jes.</span> <span class='ocrx_word' id='word_1_91' title='bbox 1301 1079 1414 1122; x_wconf 81' lang='lat' dir='ltr'>ultra</span> <span class='ocrx_word' id='word_1_92' title='bbox 1455 1094 1595 1122; x_wconf 85' lang='lat' dir='ltr'>eorum</span> 
     </span>
     <span class='ocr_line' id='line_1_12' title="bbox 41 1153 1635 1197; baseline 0.001 -1"><span class='ocrx_word' id='word_1_93' title='bbox 41 1153 188 1197; x_wconf 77' lang='lat' dir='ltr'>vitam.</span> <span class='ocrx_word' id='word_1_94' title='bbox 441 1168 444 1169; x_wconf 46' lang='lat'><em>⁷</em></span> <span class='ocrx_word' id='word_1_95' title='bbox 1634 1155 1635 1158; x_wconf 71' lang='grc'>’</span> 
     </span>
    </p>
   </div>
   <div class='ocr_carea' id='block_1_7' title="bbox 0 419 122 1064">
    <p class='ocr_par' dir='ltr' id='par_1_8' title="bbox 0 419 11 1046">
     <span class='ocr_line' id='line_1_13' title="bbox 0 419 11 518; baseline 0 0"><span class='ocrx_word' id='word_1_96' title='bbox 0 419 11 518; x_wconf 69' lang='grc' dir='ltr'><strong><em>ἓ</em></strong></span> 
     </span>
     <span class='ocr_line' id='line_1_14' title="bbox 0 518 10 596; baseline 0 -9"><span class='ocrx_word' id='word_1_97' title='bbox 0 518 10 596; x_wconf 67' lang='grc' dir='ltr'>ε</span> 
     </span>
     <span class='ocr_line' id='line_1_15' title="bbox 0 626 122 798; baseline 0 -14"><span class='ocrx_word' id='word_1_98' title='bbox 0 626 122 798; x_wconf 49' lang='grc' dir='ltr'>ἔω</span> 
     </span>
     <span class='ocr_line' id='line_1_16' title="bbox 0 827 7 949; baseline 0 -8"><span class='ocrx_word' id='word_1_99' title='bbox 0 827 7 949; x_wconf 71' lang='grc' dir='ltr'><strong>ἓ</strong></span> 
     </span>
     <span class='ocr_line' id='line_1_17' title="bbox 0 967 77 1064; baseline 0 -18"><span class='ocrx_word' id='word_1_100' title='bbox 0 967 77 1064; x_wconf 70' lang='grc' dir='ltr'>ἱ</span> 
     </span>
    </p>
   </div>
   <div class='ocr_carea' id='block_1_8' title="bbox 0 1094 7 1224">
    <p class='ocr_par' dir='ltr' id='par_1_9' title="bbox 0 1094 7 1224">
     <span class='ocr_line' id='line_1_18' title="bbox 0 1094 7 1224; baseline 0 2006"><span class='ocrx_word' id='word_1_101' title='bbox 0 1094 7 1224; x_wconf 95' lang='lat' dir='ltr'> </span> 
     </span>
    </p>
   </div>
   <div class='ocr_carea' id='block_1_9' title="bbox 332 1196 457 1249">
    <p class='ocr_par' dir='ltr' id='par_1_10' title="bbox 332 1196 457 1249">
     <span class='ocr_line' id='line_1_19' title="bbox 332 1196 457 1249; baseline 0 1981"><span class='ocrx_word' id='word_1_102' title='bbox 332 1196 457 1249; x_wconf 95' lang='lat' dir='ltr'> </span> 
     </span>
    </p>
   </div>
   <div class='ocr_carea' id='block_1_10' title="bbox 0 1229 1597 1988">
    <p class='ocr_par' dir='ltr' id='par_1_11' title="bbox 0 1229 1594 1475">
     <span class='ocr_line' id='line_1_20' title="bbox 0 1229 1594 1388; baseline -0.001 -19"><span class='ocrx_word' id='word_1_103' title='bbox 0 1229 16 1378; x_wconf 62' lang='lat' dir='ltr'>i</span> <span class='ocrx_word' id='word_1_104' title='bbox 84 1323 222 1388; x_wconf 76' lang='lat' dir='ltr'><strong>CAP.</strong></span> <span class='ocrx_word' id='word_1_105' title='bbox 242 1331 313 1370; x_wconf 81' lang='lat'><strong>53.</strong></span> <span class='ocrx_word' id='word_1_106' title='bbox 339 1324 408 1368; x_wconf 87' lang='lat' dir='ltr'>Et</span> <span class='ocrx_word' id='word_1_107' title='bbox 426 1324 485 1368; x_wconf 79' lang='grc' dir='ltr'>Ἐ.</span> <span class='ocrx_word' id='word_1_108' title='bbox 494 1324 647 1369; x_wconf 77' lang='lat' dir='ltr'>Vetus.</span> <span class='ocrx_word' id='word_1_109' title='bbox 710 1324 911 1368; x_wconf 88' lang='lat' dir='ltr'>Ernestus</span> <span class='ocrx_word' id='word_1_110' title='bbox 927 1339 976 1368; x_wconf 84' lang='lat' dir='ltr'>ex</span> <span class='ocrx_word' id='word_1_111' title='bbox 998 1326 1177 1368; x_wconf 90' lang='lat' dir='ltr'>editione</span> <span class='ocrx_word' id='word_1_112' title='bbox 1198 1324 1386 1382; x_wconf 84' lang='lat' dir='ltr'>principe</span> <span class='ocrx_word' id='word_1_113' title='bbox 1397 1335 1439 1368; x_wconf 90' lang='lat' dir='ltr'>et</span> <span class='ocrx_word' id='word_1_114' title='bbox 1455 1324 1594 1369; x_wconf 88' lang='lat' dir='ltr'><strong>MSS.</strong></span> 
     </span>
     <span class='ocr_line' id='line_1_21' title="bbox 0 1363 1512 1475; baseline -0.001 -31"><span class='ocrx_word' id='word_1_115' title='bbox 0 1363 15 1475; x_wconf 63' lang='grc' dir='ltr'>ξ</span> <span class='ocrx_word' id='word_1_116' title='bbox 41 1398 158 1445; x_wconf 83' lang='lat' dir='ltr'>Flor.</span> <span class='ocrx_word' id='word_1_117' title='bbox 179 1391 326 1444; x_wconf 84' lang='lat' dir='ltr'>Guelf.</span> <span class='ocrx_word' id='word_1_118' title='bbox 357 1399 420 1443; x_wconf 82' lang='lat' dir='ltr'>Et</span> <span class='ocrx_word' id='word_1_119' title='bbox 438 1400 613 1455; x_wconf 84' lang='lat' dir='ltr'>omisere</span> <span class='ocrx_word' id='word_1_120' title='bbox 636 1399 890 1443; x_wconf 84' lang='lat' dir='ltr'>Puteolanus</span> <span class='ocrx_word' id='word_1_121' title='bbox 907 1416 953 1443; x_wconf 83' lang='lat' dir='ltr'>ac</span> <span class='ocrx_word' id='word_1_122' title='bbox 977 1401 1115 1444; x_wconf 89' lang='lat' dir='ltr'><strong>MSS.</strong></span> <span class='ocrx_word' id='word_1_123' title='bbox 1137 1400 1261 1442; x_wconf 87' lang='lat' dir='ltr'>Harl.</span> <span class='ocrx_word' id='word_1_124' title='bbox 1284 1399 1409 1442; x_wconf 92' lang='lat' dir='ltr'>Bodl.</span> <span class='ocrx_word' id='word_1_125' title='bbox 1423 1400 1512 1443; x_wconf 86' lang='lat' dir='ltr'>Jes.</span> 
     </span>
    </p>

    <p class='ocr_par' dir='ltr' id='par_1_12' title="bbox 0 1474 1597 1912">
     <span class='ocr_line' id='line_1_22' title="bbox 0 1474 1597 1571; baseline -0.002 -51"><span class='ocrx_word' id='word_1_126' title='bbox 0 1484 45 1571; x_wconf 47' lang='lat' dir='ltr'>ff?</span> <span class='ocrx_word' id='word_1_127' title='bbox 103 1475 205 1520; x_wconf 80' lang='lat' dir='ltr'>Tres</span> <span class='ocrx_word' id='word_1_128' title='bbox 223 1483 264 1519; x_wconf 82' lang='lat' dir='ltr'>et</span> <span class='ocrx_word' id='word_1_129' title='bbox 279 1475 496 1528; x_wconf 65' lang='lat' dir='ltr'>sexaginta</span> <span class='ocrx_word' id='word_1_130' title='bbox 515 1481 660 1518; x_wconf 72' lang='lat' dir='ltr'>annos.</span> <span class='ocrx_word' id='word_1_131' title='bbox 720 1474 894 1518; x_wconf 69' lang='lat' dir='ltr'>Videtur</span> <span class='ocrx_word' id='word_1_132' title='bbox 930 1475 1091 1530; x_wconf 84' lang='lat' dir='ltr'>Ryckio</span> <span class='ocrx_word' id='word_1_133' title='bbox 1123 1475 1422 1517; x_wconf 86' lang='lat' dir='ltr'>emendandum</span> <span class='ocrx_word' id='word_1_134' title='bbox 1459 1489 1526 1517; x_wconf 80' lang='lat' dir='ltr'>sex</span> <span class='ocrx_word' id='word_1_135' title='bbox 1559 1482 1597 1517; x_wconf 83' lang='lat' dir='ltr'>et</span> 
     </span>
     <span class='ocr_line' id='line_1_23' title="bbox 0 1548 1597 1612; baseline -0.002 -16.937"><span class='ocrx_word' id='word_1_136' title='bbox 0 1550 254 1612; x_wconf 66' lang='lat' dir='ltr'>sexaginta</span> <span class='ocrx_word' id='word_1_137' title='bbox 273 1565 416 1594; x_wconf 83' lang='lat' dir='ltr'>annos.</span> <span class='ocrx_word' id='word_1_138' title='bbox 475 1549 569 1594; x_wconf 84' lang='lat' dir='ltr'>Tot</span> <span class='ocrx_word' id='word_1_139' title='bbox 582 1549 690 1592; x_wconf 87' lang='lat' dir='ltr'>enim</span> <span class='ocrx_word' id='word_1_140' title='bbox 712 1559 975 1593; x_wconf 87' lang='lat' dir='ltr'>numerantur</span> <span class='ocrx_word' id='word_1_141' title='bbox 994 1550 1089 1592; x_wconf 87' lang='lat' dir='ltr'>anni</span> <span class='ocrx_word' id='word_1_142' title='bbox 1107 1549 1132 1592; x_wconf 67' lang='lat' dir='ltr'>a</span> <span class='ocrx_word' id='word_1_143' title='bbox 1166 1558 1299 1591; x_wconf 83' lang='lat' dir='ltr'>morte</span> <span class='ocrx_word' id='word_1_144' title='bbox 1330 1548 1475 1591; x_wconf 89' lang='lat' dir='ltr'>Drusi.</span> <span class='ocrx_word' id='word_1_145' title='bbox 1534 1549 1597 1592; x_wconf 90' lang='lat' dir='ltr'>At</span> 
     </span>
     <span class='ocr_line' id='line_1_24' title="bbox 0 1623 1595 1691; baseline -0.003 -20"><span class='ocrx_word' id='word_1_146' title='bbox 0 1627 3 1635; x_wconf 78' lang='grc'><strong>’</strong></span> <span class='ocrx_word' id='word_1_147' title='bbox 14 1627 130 1691; x_wconf 70' lang='lat' dir='ltr'>haec</span> <span class='ocrx_word' id='word_1_148' title='bbox 157 1623 241 1670; x_wconf 88' lang='lat' dir='ltr'>hoc</span> <span class='ocrx_word' id='word_1_149' title='bbox 261 1642 368 1670; x_wconf 85' lang='lat' dir='ltr'>anno</span> <span class='ocrx_word' id='word_1_150' title='bbox 390 1633 506 1683; x_wconf 80' lang='lat' dir='ltr'>gesta</span> <span class='ocrx_word' id='word_1_151' title='bbox 524 1641 607 1669; x_wconf 91' lang='lat' dir='ltr'>non</span> <span class='ocrx_word' id='word_1_152' title='bbox 627 1625 770 1668; x_wconf 86' lang='lat' dir='ltr'>scribit</span> <span class='ocrx_word' id='word_1_153' title='bbox 788 1625 978 1668; x_wconf 88' lang='lat' dir='ltr'>Tacitus.</span> <span class='ocrx_word' id='word_1_154' title='bbox 1038 1623 1215 1682; x_wconf 88' lang='lat' dir='ltr'>Aliquot</span> <span class='ocrx_word' id='word_1_155' title='bbox 1245 1625 1339 1667; x_wconf 71' lang='lat' dir='ltr'>ante</span> <span class='ocrx_word' id='word_1_156' title='bbox 1369 1623 1484 1666; x_wconf 86' lang='lat' dir='ltr'>annis</span> <span class='ocrx_word' id='word_1_157' title='bbox 1503 1623 1595 1667; x_wconf 90' lang='lat' dir='ltr'>fieri</span> 
     </span>
     <span class='ocr_line' id='line_1_25' title="bbox 10 1687 1594 1765; baseline -0.003 -20"><span class='ocrx_word' id='word_1_158' title='bbox 10 1711 25 1759; x_wconf 62' lang='grc' dir='ltr'>ζ</span> <span class='ocrx_word' id='word_1_159' title='bbox 39 1687 238 1765; x_wconf 65' lang='lat' dir='ltr'>potuere:</span> <span class='ocrx_word' id='word_1_160' title='bbox 269 1703 400 1744; x_wconf 84' lang='lat' dir='ltr'>immo</span> <span class='ocrx_word' id='word_1_161' title='bbox 421 1702 533 1744; x_wconf 88' lang='lat' dir='ltr'>facta</span> <span class='ocrx_word' id='word_1_162' title='bbox 553 1708 661 1752; x_wconf 88' lang='lat' dir='ltr'>sunt,</span> <span class='ocrx_word' id='word_1_163' title='bbox 681 1708 726 1742; x_wconf 91' lang='lat' dir='ltr'>ut</span> <span class='ocrx_word' id='word_1_164' title='bbox 747 1707 862 1755; x_wconf 89' lang='lat' dir='ltr'>patet</span> <span class='ocrx_word' id='word_1_165' title='bbox 880 1715 929 1741; x_wconf 84' lang='lat' dir='ltr'>ex</span> <span class='ocrx_word' id='word_1_166' title='bbox 951 1699 1079 1742; x_wconf 88' lang='lat' dir='ltr'>Avito</span> <span class='ocrx_word' id='word_1_167' title='bbox 1102 1708 1145 1742; x_wconf 90' lang='lat' dir='ltr'>et</span> <span class='ocrx_word' id='word_1_168' title='bbox 1166 1698 1353 1751; x_wconf 86' lang='lat' dir='ltr'>Mancia,</span> <span class='ocrx_word' id='word_1_169' title='bbox 1381 1700 1594 1755; x_wconf 87' lang='lat' dir='ltr'>utriusque</span> 
     </span>
     <span class='ocr_line' id='line_1_26' title="bbox 11 1770 1596 1834; baseline -0.003 -13"><span class='ocrx_word' id='word_1_170' title='bbox 11 1805 27 1815; x_wconf 85' lang='lat'>·</span> <span class='ocrx_word' id='word_1_171' title='bbox 16 1776 279 1822; x_wconf 64' lang='lat' dir='ltr'>Germaniae</span> <span class='ocrx_word' id='word_1_172' title='bbox 298 1775 457 1834; x_wconf 86' lang='lat' dir='ltr'>legatis,</span> <span class='ocrx_word' id='word_1_173' title='bbox 477 1777 527 1819; x_wconf 90' lang='lat' dir='ltr'>de</span> <span class='ocrx_word' id='word_1_174' title='bbox 547 1776 699 1834; x_wconf 91' lang='lat' dir='ltr'>quibus</span> <span class='ocrx_word' id='word_1_175' title='bbox 718 1774 823 1817; x_wconf 84' lang='lat' dir='ltr'>infra</span> <span class='ocrx_word' id='word_1_176' title='bbox 842 1790 934 1831; x_wconf 84' lang='lat' dir='ltr'>cap.</span> <span class='ocrx_word' id='word_1_177' title='bbox 953 1774 1022 1818; x_wconf 83' lang='lat'><strong>56.</strong></span> <span class='ocrx_word' id='word_1_178' title='bbox 1073 1773 1124 1816; x_wconf 93' lang='lat' dir='ltr'>In</span> <span class='ocrx_word' id='word_1_179' title='bbox 1156 1774 1260 1817; x_wconf 94' lang='lat' dir='ltr'>MS.</span> <span class='ocrx_word' id='word_1_180' title='bbox 1282 1773 1414 1816; x_wconf 89' lang='lat' dir='ltr'>Corb.</span> <span class='ocrx_word' id='word_1_181' title='bbox 1445 1770 1596 1817; x_wconf 52' lang='lat' dir='ltr'>tres-{t</span> 
     </span>
     <span class='ocr_line' id='line_1_27' title="bbox 12 1847 1346 1912; baseline -0.005 -14.848"><span class='ocrx_word' id='word_1_182' title='bbox 12 1850 324 1912; x_wconf 80' lang='lat' dir='ltr'>quadraginta</span> <span class='ocrx_word' id='word_1_183' title='bbox 346 1866 500 1904; x_wconf 77' lang='lat' dir='ltr'>amws3</span> <span class='ocrx_word' id='word_1_184' title='bbox 531 1851 646 1909; x_wconf 90' lang='lat' dir='ltr'>quod</span> <span class='ocrx_word' id='word_1_185' title='bbox 665 1866 739 1892; x_wconf 90' lang='lat' dir='ltr'>cur</span> <span class='ocrx_word' id='word_1_186' title='bbox 761 1850 935 1893; x_wconf 84' lang='lat' dir='ltr'>Mureto</span> <span class='ocrx_word' id='word_1_187' title='bbox 956 1847 1173 1905; x_wconf 86' lang='lat' dir='ltr'>placuerit,</span> <span class='ocrx_word' id='word_1_188' title='bbox 1193 1849 1346 1891; x_wconf 89' lang='lat' dir='ltr'>nescio.</span> 
     </span>
    </p>

    <p class='ocr_par' dir='ltr' id='par_1_13' title="bbox 13 1906 1594 1988">
     <span class='ocr_line' id='line_1_28' title="bbox 13 1906 1594 1988; baseline -0.003 -16"><span class='ocrx_word' id='word_1_189' title='bbox 13 1928 62 1988; x_wconf 52' lang='lat'>.-</span> <span class='ocrx_word' id='word_1_190' title='bbox 45 1961 49 1963; x_wconf 54' lang='lat'>&gt;</span> <span class='ocrx_word' id='word_1_191' title='bbox 101 1916 219 1971; x_wconf 64' lang='lat' dir='ltr'>Exin</span> <span class='ocrx_word' id='word_1_192' title='bbox 242 1926 470 1972; x_wconf 83' lang='lat' dir='ltr'>Oceanum.</span> <span class='ocrx_word' id='word_1_193' title='bbox 531 1926 650 1970; x_wconf 71' lang='lat' dir='ltr'>Bene</span> <span class='ocrx_word' id='word_1_194' title='bbox 672 1924 927 1968; x_wconf 88' lang='lat' dir='ltr'>Puteolanus</span> <span class='ocrx_word' id='word_1_195' title='bbox 959 1933 1011 1966; x_wconf 90' lang='lat' dir='ltr'>et</span> <span class='ocrx_word' id='word_1_196' title='bbox 1030 1923 1291 1966; x_wconf 82' lang='lat' dir='ltr'>recentiores.</span> <span class='ocrx_word' id='word_1_197' title='bbox 1344 1923 1396 1967; x_wconf 89' lang='lat' dir='ltr'>In</span> <span class='ocrx_word' id='word_1_198' title='bbox 1414 1906 1594 1967; x_wconf 79' lang='lat' dir='ltr'>editione</span> 
     </span>
    </p>
   </div>
   <div class='ocr_carea' id='block_1_11' title="bbox 12 1995 1595 2138">
    <p class='ocr_par' dir='ltr' id='par_1_14' title="bbox 12 1995 1595 2138">
     <span class='ocr_line' id='line_1_29' title="bbox 14 1995 983 2065; baseline -0.009 -16"><span class='ocrx_word' id='word_1_199' title='bbox 14 2046 17 2050; x_wconf 87' lang='lat'><strong>.</strong></span> <span class='ocrx_word' id='word_1_200' title='bbox 15 2004 241 2065; x_wconf 67' lang='lat' dir='ltr'>principe,</span> <span class='ocrx_word' id='word_1_201' title='bbox 259 2004 370 2047; x_wconf 77' lang='lat' dir='ltr'>dein.</span> <span class='ocrx_word' id='word_1_202' title='bbox 417 2001 642 2047; x_wconf 86' lang='lat' dir='ltr'>Tentabat</span> <span class='ocrx_word' id='word_1_203' title='bbox 648 1999 846 2051; x_wconf 78' lang='lat' dir='ltr'>Pichena,</span> <span class='ocrx_word' id='word_1_204' title='bbox 869 2006 904 2042; x_wconf 84' lang='lat' dir='ltr'>et</span> <span class='ocrx_word' id='word_1_205' title='bbox 927 1995 983 2041; x_wconf 70' lang='lat' dir='ltr'>iit.</span> 
     </span>
     <span class='ocr_line' id='line_1_30' title="bbox 12 2073 1595 2138; baseline -0.004 -14"><span class='ocrx_word' id='word_1_206' title='bbox 12 2086 40 2129; x_wconf 86' lang='lat'>]·-</span> <span class='ocrx_word' id='word_1_207' title='bbox 100 2079 239 2138; x_wconf 66' lang='lat' dir='ltr'>AElius</span> <span class='ocrx_word' id='word_1_208' title='bbox 261 2077 463 2122; x_wconf 82' lang='lat' dir='ltr'>Gracilis.</span> <span class='ocrx_word' id='word_1_209' title='bbox 521 2076 661 2119; x_wconf 92' lang='lat' dir='ltr'><strong>MSS.</strong></span> <span class='ocrx_word' id='word_1_210' title='bbox 684 2074 807 2118; x_wconf 84' lang='lat' dir='ltr'><strong>Harl.</strong></span> <span class='ocrx_word' id='word_1_211' title='bbox 830 2073 956 2117; x_wconf 89' lang='lat' dir='ltr'>Bodl.</span> <span class='ocrx_word' id='word_1_212' title='bbox 975 2073 1005 2118; x_wconf 85' lang='lat' dir='ltr'>J</span> <span class='ocrx_word' id='word_1_213' title='bbox 1008 2090 1066 2116; x_wconf 88' lang='lat' dir='ltr'>es.</span> <span class='ocrx_word' id='word_1_214' title='bbox 1088 2073 1232 2116; x_wconf 88' lang='lat' dir='ltr'>Guelf.</span> <span class='ocrx_word' id='word_1_215' title='bbox 1252 2084 1293 2116; x_wconf 92' lang='lat' dir='ltr'>et</span> <span class='ocrx_word' id='word_1_216' title='bbox 1313 2073 1595 2129; x_wconf 84' lang='lat' dir='ltr'>Puteolanus,</span> 
     </span>
    </p>
   </div>
   <div class='ocr_carea' id='block_1_12' title="bbox 10 2142 1596 2431">
    <p class='ocr_par' dir='ltr' id='par_1_15' title="bbox 10 2142 1596 2350">
     <span class='ocr_line' id='line_1_31' title="bbox 12 2142 1596 2214; baseline -0.004 -15"><span class='ocrx_word' id='word_1_217' title='bbox 12 2147 18 2159; x_wconf 51' lang='lat'>²</span> <span class='ocrx_word' id='word_1_218' title='bbox 43 2152 197 2214; x_wconf 69' lang='lat' dir='ltr'>Helius</span> <span class='ocrx_word' id='word_1_219' title='bbox 236 2142 437 2198; x_wconf 80' lang='lat' dir='ltr'>Gracilis.</span> <span class='ocrx_word' id='word_1_220' title='bbox 492 2151 597 2200; x_wconf 85' lang='lat' dir='ltr'>MS.</span> <span class='ocrx_word' id='word_1_221' title='bbox 631 2151 763 2194; x_wconf 74' lang='lat' dir='ltr'>Corb..</span> <span class='ocrx_word' id='word_1_222' title='bbox 806 2148 1006 2195; x_wconf 80' lang='lat' dir='ltr'>Graccus.</span> <span class='ocrx_word' id='word_1_223' title='bbox 1068 2149 1297 2205; x_wconf 88' lang='lat' dir='ltr'>Perperam</span> <span class='ocrx_word' id='word_1_224' title='bbox 1336 2148 1379 2191; x_wconf 88' lang='lat' dir='ltr'>in</span> <span class='ocrx_word' id='word_1_225' title='bbox 1417 2150 1596 2194; x_wconf 87' lang='lat' dir='ltr'>editione</span> 
     </span>
     <span class='ocr_line' id='line_1_32' title="bbox 10 2223 1595 2290; baseline -0.003 -17"><span class='ocrx_word' id='word_1_226' title='bbox 10 2226 242 2290; x_wconf 36' lang='lat' dir='ltr'>sprincipe,</span> <span class='ocrx_word' id='word_1_227' title='bbox 280 2227 436 2272; x_wconf 79' lang='lat' dir='ltr'>invidit</span> <span class='ocrx_word' id='word_1_228' title='bbox 485 2227 598 2284; x_wconf 80' lang='lat' dir='ltr'>operi</span> <span class='ocrx_word' id='word_1_229' title='bbox 635 2226 721 2284; x_wconf 67' lang='lat' dir='ltr'>ejus</span> <span class='ocrx_word' id='word_1_230' title='bbox 763 2223 967 2267; x_wconf 79' lang='lat' dir='ltr'>Gracilis.</span> <span class='ocrx_word' id='word_1_231' title='bbox 1031 2223 1201 2280; x_wconf 87' lang='lat' dir='ltr'>Lipsius</span> <span class='ocrx_word' id='word_1_232' title='bbox 1240 2231 1283 2266; x_wconf 91' lang='lat' dir='ltr'>et</span> <span class='ocrx_word' id='word_1_233' title='bbox 1333 2223 1595 2280; x_wconf 85' lang='lat' dir='ltr'>recentiores,</span> 
     </span>
     <span class='ocr_line' id='line_1_33' title="bbox 14 2294 200 2365; baseline 0 -15"><span class='ocrx_word' id='word_1_234' title='bbox 14 2294 15 2298; x_wconf 10' lang='grc' dir='ltr'><strong>Ἰ</strong></span> <span class='ocrx_word' id='word_1_235' title='bbox 16 2303 200 2365; x_wconf 73' lang='lat' dir='ltr'>AElius.</span> 
     </span>
    </p>

    <p class='ocr_par' dir='ltr' id='par_1_16' title="bbox 73 2361 1596 2431">
     <span class='ocr_line' id='line_1_34' title="bbox 73 2361 1596 2431; baseline -0.004 -6.886"><span class='ocrx_word' id='word_1_236' title='bbox 73 2361 362 2426; x_wconf 83' lang='lat' dir='ltr'>Deterrendo</span> <span class='ocrx_word' id='word_1_237' title='bbox 386 2376 584 2420; x_wconf 82' lang='lat' dir='ltr'>Veterem.</span> <span class='ocrx_word' id='word_1_238' title='bbox 634 2373 702 2418; x_wconf 89' lang='lat' dir='ltr'>Ita</span> <span class='ocrx_word' id='word_1_239' title='bbox 720 2375 860 2418; x_wconf 86' lang='lat' dir='ltr'><strong>MSS.</strong></span> <span class='ocrx_word' id='word_1_240' title='bbox 881 2366 993 2417; x_wconf 88' lang='lat' dir='ltr'>Flor.</span> <span class='ocrx_word' id='word_1_241' title='bbox 1013 2373 1118 2431; x_wconf 84' lang='lat' dir='ltr'>Agr.</span> <span class='ocrx_word' id='word_1_242' title='bbox 1135 2374 1362 2417; x_wconf 87' lang='lat' dir='ltr'>Rhenanus</span> <span class='ocrx_word' id='word_1_243' title='bbox 1389 2382 1433 2418; x_wconf 89' lang='lat' dir='ltr'>et</span> <span class='ocrx_word' id='word_1_244' title='bbox 1456 2391 1596 2418; x_wconf 89' lang='lat' dir='ltr'>recen-</span> 
     </span>
    </p>
   </div>
   <div class='ocr_carea' id='block_1_13' title="bbox 10 2442 1596 2508">
    <p class='ocr_par' dir='ltr' id='par_1_17' title="bbox 10 2442 1596 2508">
     <span class='ocr_line' id='line_1_35' title="bbox 10 2442 1596 2508; baseline -0.005 -8"><span class='ocrx_word' id='word_1_245' title='bbox 10 2432 182 2500; x_wconf 35' lang='lat' dir='ltr'>‘&#39;tiores.</span> <span class='ocrx_word' id='word_1_246' title='bbox 230 2451 282 2497; x_wconf 91' lang='lat' dir='ltr'>In</span> <span class='ocrx_word' id='word_1_247' title='bbox 316 2452 456 2496; x_wconf 91' lang='lat' dir='ltr'><strong>MSS.</strong></span> <span class='ocrx_word' id='word_1_248' title='bbox 478 2450 602 2494; x_wconf 84' lang='lat' dir='ltr'>Harl.</span> <span class='ocrx_word' id='word_1_249' title='bbox 626 2449 752 2494; x_wconf 85' lang='lat' dir='ltr'>Bodl.</span> <span class='ocrx_word' id='word_1_250' title='bbox 771 2451 862 2494; x_wconf 83' lang='lat' dir='ltr'>Jes.</span> <span class='ocrx_word' id='word_1_251' title='bbox 894 2460 936 2492; x_wconf 87' lang='lat' dir='ltr'>et</span> <span class='ocrx_word' id='word_1_252' title='bbox 967 2449 1214 2492; x_wconf 86' lang='lat' dir='ltr'>editionibus</span> <span class='ocrx_word' id='word_1_253' title='bbox 1244 2449 1434 2508; x_wconf 79' lang='lat' dir='ltr'>antiquiS,</span> <span class='ocrx_word' id='word_1_254' title='bbox 1468 2450 1596 2494; x_wconf 80' lang='lat' dir='ltr'>deter-</span> 
     </span>
    </p>
   </div>
   <div class='ocr_carea' id='block_1_14' title="bbox 42 2527 1166 2691">
    <p class='ocr_par' dir='ltr' id='par_1_18' title="bbox 42 2527 1152 2657">
     <span class='ocr_line' id='line_1_36' title="bbox 42 2527 354 2574; baseline -0.007 -1"><span class='ocrx_word' id='word_1_255' title='bbox 42 2529 170 2574; x_wconf 80' lang='lat' dir='ltr'>rende</span> <span class='ocrx_word' id='word_1_256' title='bbox 190 2510 354 2572; x_wconf 76' lang='lat' dir='ltr'>Vetere.</span> 
     </span>
     <span class='ocr_line' id='line_1_37' title="bbox 69 2599 1166 2691; baseline -0.007 -41.773"><span class='ocrx_word' id='word_1_257' title='bbox 69 2602 394 2649; x_wconf 77' lang='lat' dir='ltr'>Prohibeutur</span> <span class='ocrx_word' id='word_1_258' title='bbox 414 2610 596 2646; x_wconf 81' lang='lat' dir='ltr'>conatus.</span> <span class='ocrx_word' id='word_1_259' title='bbox 658 2599 763 2644; x_wconf 90' lang='lat' dir='ltr'>MS.</span> <span class='ocrx_word' id='word_1_260' title='bbox 782 2600 889 2691; x_wconf 80' lang='lat' dir='ltr'>Agr.</span> <span class='ocrx_word' id='word_1_261' title='bbox 910 2599 1166 2647; x_wconf 79' lang='lat' dir='ltr'>cohibentur</span> 
     </span>
    </p>
   </div>
   <div class='ocr_carea' id='block_1_15' title="bbox 0 1630 42 3230">
    <p class='ocr_par' dir='ltr' id='par_1_19' title="bbox 0 1630 42 3230">
     <span class='ocr_line' id='line_1_38' title="bbox 0 1630 25 1944; baseline 0 -152"><span class='ocrx_word' id='word_1_262' title='bbox 0 1630 25 1944; x_wconf 95' lang='lat' dir='ltr'>    </span> 
     </span>
     <span class='ocr_line' id='line_1_39' title="bbox 0 1967 27 2320; baseline 0 -96"><span class='ocrx_word' id='word_1_263' title='bbox 0 1967 27 2320; x_wconf 95' lang='lat' dir='ltr'>    </span> 
     </span>
     <span class='ocr_line' id='line_1_40' title="bbox 0 2320 33 2597; baseline 0 0"><span class='ocrx_word' id='word_1_264' title='bbox 0 2320 33 2597; x_wconf 95' lang='lat' dir='ltr'>    </span> 
     </span>
     <span class='ocr_line' id='line_1_41' title="bbox 0 2597 42 3230; baseline 0 -495"><span class='ocrx_word' id='word_1_265' title='bbox 0 2597 42 3230; x_wconf 95' lang='lat' dir='ltr'>   </span> 
     </span>
    </p>
   </div>
   <div class='ocr_carea' id='block_1_16' title="bbox 25 2761 1599 2905">
    <p class='ocr_par' dir='ltr' id='par_1_20' title="bbox 30 2761 1599 2899">
     <span class='ocr_line' id='line_1_42' title="bbox 30 2761 1597 2832; baseline -0.002 -16"><span class='ocrx_word' id='word_1_266' title='bbox 30 2790 70 2823; x_wconf 56' lang='lat' dir='ltr'>‚1ae</span> <span class='ocrx_word' id='word_1_267' title='bbox 72 2761 224 2821; x_wconf 70' lang='lat' dir='ltr'><strong>CAP.</strong></span> <span class='ocrx_word' id='word_1_268' title='bbox 244 2781 316 2820; x_wconf 84' lang='lat'><strong>54.</strong></span> <span class='ocrx_word' id='word_1_269' title='bbox 350 2773 406 2817; x_wconf 83' lang='lat' dir='ltr'>In</span> <span class='ocrx_word' id='word_1_270' title='bbox 426 2779 629 2832; x_wconf 80' lang='lat' dir='ltr'>quantum</span> <span class='ocrx_word' id='word_1_271' title='bbox 653 2770 857 2816; x_wconf 78' lang='lat' dir='ltr'>Germani</span> <span class='ocrx_word' id='word_1_272' title='bbox 888 2777 1129 2829; x_wconf 76' lang='lat' dir='ltr'>regnantur.</span> <span class='ocrx_word' id='word_1_273' title='bbox 1190 2768 1257 2812; x_wconf 90' lang='lat' dir='ltr'>Ita</span> <span class='ocrx_word' id='word_1_274' title='bbox 1291 2768 1430 2813; x_wconf 92' lang='lat' dir='ltr'><strong>MSS.</strong></span> <span class='ocrx_word' id='word_1_275' title='bbox 1461 2768 1597 2814; x_wconf 85' lang='lat' dir='ltr'>Vatic.</span> 
     </span>
     <span class='ocr_line' id='line_1_43' title="bbox 25 2826 1599 2905; baseline -0.003 -8.919"><span class='ocrx_word' id='word_1_276' title='bbox 25 2826 174 2901; x_wconf 69' lang='lat'>1&#39;863</span> <span class='ocrx_word' id='word_1_277' title='bbox 209 2859 252 2896; x_wconf 86' lang='lat' dir='ltr'>et</span> <span class='ocrx_word' id='word_1_278' title='bbox 283 2849 396 2905; x_wconf 77' lang='lat' dir='ltr'>Elor.</span> <span class='ocrx_word' id='word_1_279' title='bbox 419 2848 603 2894; x_wconf 83' lang='lat' dir='ltr'>Pichena</span> <span class='ocrx_word' id='word_1_280' title='bbox 619 2857 661 2891; x_wconf 84' lang='lat' dir='ltr'>et</span> <span class='ocrx_word' id='word_1_281' title='bbox 675 2846 935 2892; x_wconf 71' lang='lat' dir='ltr'>recentiores.</span> <span class='ocrx_word' id='word_1_282' title='bbox 968 2845 1114 2891; x_wconf 68' lang='lat' dir='ltr'>Male&#39;</span> <span class='ocrx_word' id='word_1_283' title='bbox 1104 2861 1147 2891; x_wconf 85' lang='lat' dir='ltr'>m</span> <span class='ocrx_word' id='word_1_284' title='bbox 1165 2844 1304 2891; x_wconf 86' lang='lat' dir='ltr'><strong>MSS.</strong></span> <span class='ocrx_word' id='word_1_285' title='bbox 1324 2845 1462 2892; x_wconf 80' lang='lat' dir='ltr'>Vatic.</span> <span class='ocrx_word' id='word_1_286' title='bbox 1488 2847 1599 2891; x_wconf 82' lang='lat'>1864</span> 
     </span>
    </p>
   </div>
  </div>
 </body>
</html>
