1858 3224
259 203 340 247 205
768 200 816 238 C.
842 198 1108 238 CORNELII
1134 199 1320 240 TACITI
1499 205 1550 242 A.
1568 204 1618 244 U.
1634 206 1682 245 C.
1700 209 1791 247 ⁸14.

263 318 401 358 testes
432 303 635 354 victoriae
671 318 830 351 secum
867 302 1117 361 traherent,
1150 302 1451 369 plaustrisque
1487 304 1792 372 imponerem,

263 402 371 451 quae
391 399 530 449 super
552 392 819 430 extremum·
833 379 1054 427 ambitum
1073 380 1220 445 campi
1236 393 1494 445 posuerant.

332 545 412 586 35.
447 539 743 594 BoumcEA,
765 551 905 582 curru
927 534 1041 582 filias
1061 550 1158 598 prae
1181 551 1229 583 se
1250 535 1456 595 vehens,¹
1487 549 1538 586 ut
1560 542 1790 605 quamque

263 615 495 664 nationem
511 623 770 667 accesserat,
796 616 829 639 “
848 612 1032 659 solitum
1049 612 1235 677 quidem
1253 613 1480 662 Britannis
1495 613 1789 665 foeminarum

264 698 300 723 “
322 693 466 740 ductu
486 691 691 739 bellare''
715 689 961 736 testabatur
979 709 993 749 ;
1013 692 1029 710 ²
1063 694 1096 717 “
1118 691 1198 737 sed
1221 701 1330 738 tunc
1347 707 1459 750 non,
1477 703 1528 739 ut
1543 693 1677 742 tantis
1696 709 1791 743 ma-

266 774 300 799 “
317 769 494 835 joribus
517 778 682 824 ortam,
699 781 897 830 regnum
914 776 958 812 et
975 783 1084 829 opes
1101 785 1116 826 ;
1151 767 1337 826 verum,
1360 778 1412 815 ut
1428 785 1568 818 unam
1583 767 1615 817 ὲ
1629 771 1790 836 vulgo,

253 851 302 876 ·“
324 847 578 894 libertatem
611 843 837 902 amissam,
871 855 1137 892 consectum
1172 844 1436 894 verberibus
1466 861 1650 911 corpus,
1681 864 1791 897 con-

265 929 301 954 “
322 933 558 971 trectatam
579 921 776 968 filiarum
799 919 1060 984 pudicitiam
1083 921 1252 969 ulcisci.
1320 921 1394 970 Εὸ
1422 934 1659 987 provectas
1693 926 1790 973 Ro-

229 1066 231 1069 ·
265 1006 299 1030 “
322 1015 564 1048 manorum
587 996 838 1060 cupidines,
855 1007 907 1043 ut
924 1013 1022 1044 non
1039 1014 1248 1060 corpora,
1265 1014 1324 1045 ne
1340 1010 1568 1047 senectam
1583 1001 1789 1066 quidem,

265 1084 300 1109 “
324 1089 403 1125 aut
431 1075 733 1140 virginitatem
767 1073 1055 1137 impollutam
1089 1075 1359 1139 relinquant.
1388 1123 1392 1129 ,
1428 1079 1605 1126 Adesse
1637 1089 1790 1127 tamen

265 1161 301 1188 “
323 1157 452 1203 Deos
476 1155 611 1218 justae
645 1151 884 1200 vindictae:
921 1152 1133 1200 cecidisse
1164 1153 1409 1217 legionem,
1443 1171 1547 1218 quae
1579 1155 1790 1218 praelium

266 1237 301 1262 ‘⁶
323 1248 432 1280 ausa
453 1231 536 1278 sit:
573 1240 748 1278 ceteros
776 1229 931 1278 castris
961 1231 1195 1289 occultari,
1229 1241 1306 1277 aut
1338 1229 1498 1296 fugam
1529 1231 1790 1297 circmnspi·

265 1314 442 1357 “·cere.
510 1308 587 1355 Ne
609 1306 846 1370 strepitum
882 1306 1067 1370 quidem
1106 1317 1151 1354 et
1196 1307 1446 1355 clamorem
1476 1317 1546 1356 tot
1575 1308 1789 1368 millium,
1848 1322 1853 1324 “

266 1391 300 1416 “
322 1386 496 1434 nedum
512 1384 707 1447 impetus
721 1394 766 1430 et
782 1399 944 1430 manus
961 1383 1227 1446 perlaturos.
1263 1382 1312 1431 Si
1329 1383 1480 1447 copias
1491 1395 1788 1445 annatotum,

265 1468 300 1494 “
322 1463 360 1511 si
389 1479 544 1511 causas
577 1461 685 1508 belli
719 1477 876 1507 secum
910 1461 1237 1523 expenderent,
1269 1460 1545 1509 vincendum
1573 1460 1652 1510 illa
1669 1452 1788 1521 acie,

264 1545 300 1570 “
321 1540 396 1589 vel
413 1539 671 1588 cadendum
693 1554 804 1585 esse.
872 1538 925 1585 Id
943 1538 1122 1585 mulieri
1139 1537 1440 1597 destinatum3
1466 1537 1671 1586 viverent
1685 1539 1788 1598 viri,

265 1622 300 1647 “
322 1628 369 1666 et
393 1617 664 1666 servirent.'’

330 1777 410 1820 36.
444 1772 525 1819 NE
549 1771 848 1819 SUETomus
871 1768 1058 1834 quidem
1079 1768 1127 1816 in
1158 1779 1283 1838 tanto
1313 1768 1571 1818 discrimine
1596 1769 1784 1819 silebat:

264 1849 361 1915 qui,
395 1864 675 1914 quamquam
708 1838 959 1896 confideret
989 1845 1160 1905 virtuti,
1192 1858 1346 1894 tamen
1373 1845 1710 1897 exhortationes
1741 1857 1788 1896 et

262 1942 423 1990 preces
444 1925 687 1973 miscebat:
705 1971 707 1974 ,
724 1926 851 1985 “Ut
873 1935 1138 1988 spernerent
1158 1939 1346 1971 sonores
1373 1924 1707 1982 barbarorum,³
1741 1935 1787 1975 et
1829 1974 1844 1990 ,p

265 2008 300 2032 “
321 2003 478 2051 inanes
514 2002 686 2050 minas:
738 2002 850 2066 plus.
879 2002 970 2049 illic
1008 2000 1320 2060 foeminarum,
1359 1999 1511 2065 quam*
1539 2000 1788 2064 juventutis

223 2135 228 2140 ,
266 2085 301 2110 “
320 2081 487 2146 aspici:
537 2080 760 2139 imbelles,
792 2080 1006 2139 inermes,
1051 2095 1257 2128 cessuros
1289 2077 1455 2137 statim,
1493 2076 1573 2136 ubi
1610 2075 1786 2127 ferrum

1543 2154 1556 2173 l

267 2303 335 2328 cea
350 2295 504 2328 centum
514 2289 644 2340 viginti
657 2291 778 2328 millia
793 2291 988 2328 hominum
1061 2290 1177 2327 diceae
1194 2288 1413 2332 orationem,
1427 2299 1501 2323 non
1511 2286 1720 2332 Taciti,sed
1738 2285 1784 2323 li-

267 2350 460 2394 coegerat:
488 2345 525 2381 τὸ
544 2342 739 2396 ωτςοίπυμω
758 2345 849 2392 ἀμφὶ
867 2339 990 2380 δώδεκα
1063 2343 1271 2380 brai-iorum
1289 2341 1610 2391 exscriptorumve
1627 2336 1784 2387 incuria,

266 2393 435 2449 μνςιάὸαις
451 2395 494 2433 ’σ’ν.
545 2399 666 2434 Immo
679 2399 797 2447 juxta
815 2398 989 2434 eumdem
1061 2405 1129 2434 aut
1146 2394 1272 2446 culpa,
1301 2393 1567 2431 admutilatam
1587 2393 1786 2432 ¹existimat

202 2468 204 2475 ¹
268 2452 502 2501 scriptorem,
529 2463 568 2500 p.
589 2454 680 2494 704.
698 2451 866 2489 adcrevit
886 2463 990 2487 exer·
1062 2450 1225 2500 Lipsius.
1279 2447 1379 2485 Mihi
1398 2446 1486 2484 vero
1511 2446 1609 2484 alius
1632 2446 1784 2484 omnino

267 2503 369 2542 citus
392 2516 511 2553 usque
549 2504 597 2541 ad
630 2504 794 2542 militum
828 2504 992 2541 ducenta
1059 2516 1208 2548 sensus;
1252 2513 1458 2550 verumque
1499 2511 1547 2538 ac
1579 2499 1785 2550 genuinum

266 2557 421 2606 triginta
447 2557 582 2604 millia,
607 2556 635 2598 ἔς
653 2560 735 2610 τρεῖς
753 2553 787 2594 δὲ
804 2554 902 2594 εἴκοσι
921 2572 990 2606 ριν-
1060 2557 1185 2594 Taciti
1199 2556 1330 2593 foetum
1346 2555 1385 2591 in
1398 2550 1442 2590 ea
1456 2564 1630 2603 agnosco.
1649 2553 1785 2603 Longi-

267 2607 386 2663 gcd2ae5
401 2606 533 2663 ἀνδςιῒι.
1060 2622 1162 2647 orem
1181 2609 1349 2659 quidem,
1366 2607 1430 2644 sed
1447 2618 1630 2652 enervem,
1657 2606 1784 2644 decla-

1061 2663 1334 2712 matoriamque
1351 2660 1464 2697 habet
1480 2660 1575 2698 Dio:
1594 2671 1710 2709 quam
1729 2666 1786 2697 ta-

338 2713 351 2731 ¹
389 2713 514 2754 Curru
532 2716 644 2767 filias
671 2729 752 2767 proe
780 2729 819 2754 se
847 2717 991 2755 vehens.
1061 2729 1159 2762 men,
1182 2716 1271 2754 cum
1293 2713 1464 2752 nonnihil
1484 2713 1585 2751 lucis
1601 2713 1782 2759 affundat,

268 2769 384 2815 Bene,
407 2777 456 2807 ‘et
491 2783 538 2808 ex
584 2782 686 2807 more
732 2771 991 2814 barbarorum.
1061 2770 1157 2808 inter
1173 2776 1252 2807 not.
1267 2775 1306 2806 et
1319 2767 1465 2805 emend.
1479 2767 1529 2804 ad
1542 2765 1681 2805 Annal.
1694 2774 1784 2804 xlv.

267 2821 400 2861 Minus
425 2823 672 2874 probabiliter
700 2823 792 2870 Dio,
822 2823 895 2861 loc.
924 2824 990 2861 cit.
1059 2827 1124 2861 35.
1143 2822 1332 2873 conjicere
1349 2820 1452 2858 haud
1470 2819 1624 2871 pigebit.

265 2877 320 2913 ait
349 2876 583 2915 Boudiceam
608 2876 789 2923 tribunal,
818 2878 991 2914 Romano
1113 2874 1127 2896 ³
1146 2876 1305 2914 Sonores
1320 2874 1573 2912 barbarorum.
1589 2871 1652 2910 Sic
1666 2883 1783 2923 supra.

265 2942 369 2967 more
386 2937 638 2976 exstructum,
657 2931 927 2968 conscendisse.
1061 2930 1201 2970 Annal.
1213 2942 1244 2969 1.
1257 2926 1323 2968 65.
1343 2927 1448 2968 Laeto
1461 2931 1586 2976 cantu,
1602 2930 1674 2967 aut·
1683 2924 1783 2973 truci

318 2981 335 2999 ²
355 2983 591 3024 Testabatur.
610 2984 749 3023 Totam
772 2983 872 3023 hanc
890 2984 992 3023 Bou·
1057 2996 1201 3022 sonore.
1680 3000 1682 3002 “
1713 2982 1721 2989 ’
