1864 3216
270 145 348 192 372
605 158 609 162 ’
677 146 843 199 NQTAE
872 146 941 187 ET
969 146 1413 198 EMENDATIONES

327 245 521 290 Fortuna
537 260 617 289 suae
635 247 752 291 mole.
812 249 1012 292 Ernestus
1030 251 1177 293 frustra
1197 252 1288 295 addi
1308 253 1441 309 vellet,
1455 241 1616 314 fretus..

326 319 431 363 Haec
463 320 509 362 in
544 335 763 365 commune.
823 322 960 366 MSS.
1002 323 1126 367 Harl.
1163 325 1254 370 Jes.
1290 327 1377 371 hoc.
1438 329 1542 373 MS.
1586 317 1716 376 Cori).
1746 333 1801 377 ⁴⁰22

265 394 482 453 communi,

317 468 458 515 Qui
432 485 459 512 α
478 470 760 535 conjuratione
787 471 950 528 integri.
998 471 1082 514 Ab
1101 472 1278 516 editione
1298 474 1482 532 principe
1501 477 1618 521 abest
1632 442 1797 535 limpo-

265 543 374 587 sitio.
435 543 484 585 In
517 543 619 587 MS.
660 543 1143 602 Bud.0013jurcttionem.
1202 547 1323 591 Unde
1359 550 1581 593 Rhenanus
1617 553 1800 594 tentabat

192 643 193 647 =
264 634 336 662 cor
325 619 559 676 ymmone
589 618 651 659 vel
673 620 983 676 conynatwms

325 692 392 734 Ae
411 693 467 734 ad
485 692 713 734 libertatem
735 701 977 735 moveretur.
1038 694 1154 736 Bene
1177 694 1383 738 Muretus.
1433 695 1482 738 In
1503 696 1642 740 MSS.
1660 695 1799 740 Vatic.

265 767 373 820 Reg.
395 766 495 820 Agr.
517 775 558 807 et
587 766 763 808 editione
783 766 982 823 principe,
1013 783 1063 811 ne
1095 769 1152 810 ad
1183 769 1415 812 libertatem
1445 777 1690 816 moraretur.
1747 769 1799 814 In

263 840 402 884 MSS.
423 841 457 882 F
460 840 534 882 lor.
559 840 679 881 Harl.
702 840 827 889 Bodl.
847 841 873 884 J
879 857 936 883 es.
958 842 1099 884 Guelf.
1137 842 1389 885 Puteolanus
1409 841 1615 901 ceterique
1642 859 1800 898 omnes,

262 915 289 958 ἂ
310 914 498 957 libertate
516 921 760 956 moraretur.
821 914 872 956 In
890 914 968 956 illis
993 917 1276 970 adulteratum,
1306 925 1560 969 morat-etum·
1588 917 1631 960 in
1655 917 1740 973 hin,
1771 917 1800 962 ὰ

262 988 467 1031 libertate.
1652 1002 1656 1004 ’

321 1124 390 1166 CA
401 1138 441 1166 P.
462 1130 531 1166 53.
567 1118 1025 1168 Circensium‘ludarum
1045 1125 1124 1168 die.
1185 1126 1288 1169 Pars
1309 1141 1455 1182 magna
1474 1125 1631 1184 Aprilis
1651 1125 1799 1170 mensis
1858 1129 1859 1133 ’

208 1251 211 1253 ,
264 1198 405 1242 Cereri
433 1206 569 1240 sacra:
603 1214 676 1254 per
710 1199 860 1241 multos
894 1200 979 1242 dies
1009 1200 1094 1242 ludi
1125 1201 1362 1243 edebantur.
1421 1200 1510 1244 Tot
1538 1200 1656 1254 inter,
1690 1200 1798 1243 diem

264 1287 382 1316 xm.
442 1272 641 1315 calendas
684 1272 805 1325 Maii,
826 1277 918 1317 ,seu
956 1280 1019 1321 19.
1079 1273 1251 1330 Aprilis,
1292 1272 1318 1315 ὸ,
1350 1273 1571 1332 conjuratis
1602 1262 1798 1324 statutum

260 1347 462 1390 existimo.
524 1346 663 1389 Pridie
694 1346 856 1402 quidem
897 1334 1010 1398 Idus,
1052 1362 1123 1389 seu
1167 1353 1232 1390 12.
1282 1347 1457 1404 Aprilis,
1505 1354 1638 1391 erant·
1659 1361 1795 1390 LVDI

264 1435 610 1473 cnnssAmcr,
661 1429 706 1463 ut
734 1421 824 1478 jam
862 1421 1035 1463 diximus
1074 1421 1114 1464 in
1151 1421 1259 1464 notis
1298 1437 1346 1464 ex
1381 1429 1516 1475 vetere
1551 1420 1796 1465 calendario
1855 1455 1860 1461 .

259 1495 559 1548 Hervartian03
609 1494 666 1537 sic
715 1511 879 1552 quoque
914 1496 1110 1538 vetustius
1151 1493 1441 1538 calendarium
1479 1488 1796 1555 Mepheianum,

261 1582 417 1612 PRID.
452 1583 564 1611 mn.
600 1583 738 1611 LUDI
777 1583 1009 1612 cenem.
1069 1569 1191 1611 Unde
1225 1570 1350 1612 istum
1380 1569 1488 1626 diem
1519 1567 1545 1611 ὲ
1575 1567 1796 1625 conjuratis

257 1651 454 1687 statutum
485 1643 656 1685 credidit
694 1643 887 1698 Lipsius:
938 1645 1050 1700 quod
1083 1643 1249 1686 minime
1285 1641 1516 1699 probabile.
1574 1640 1690 1698 Nam
1718 1656 1794 1683 nec

256 1726 446 1760 notantur
475 1717 702 1767 Circenses,
733 1732 808 1758 nec
839 1717 897 1759 ita
926 1717 1119 1759 solemnis
1149 1717 1215 1759 hic
1234 1716 1341 1769 dies.
1401 1716 1557 1758 Contra
1593 1715 1691 1757 vero
1729 1715 1795 1757 die

259 1806 376 1834 x111.
409 1790 624 1842 calendas,
656 1806 736 1850 seu*
763 1796 827 1838 19.
858 1790 1027 1847 Aprilis,
1058 1799 1104 1833 ut
1134 1806 1258 1846 supra
1292 1790 1332 1832 in
1352 1789 1461 1832 notis
1491 1788 1795 1833 observavimus

255 1880 307 1909 ex
342 1864 588 1907 Calendario
621 1864 896 1906 Hervartiano
927 1873 969 1907 et
1003 1864 1224 1908 Laterculo
1262 1863 1464 1907 Polemaei
1507 1862 1641 1915 Silvii,
1682 1870 1795 1906 erant

259 1938 479 1989 Οενεαῖἑεί,
515 1937 735 1989 Circenses,
767 1939 941 1981 cons-ulis
973 1939 1103 1981 tertiae
1132 1953 1304 1995 mappae.
1365 1938 1494 1985 Quod
1513 1937 1644 1987 adhuc
1665 1936 1794 1992 magis

255 2013 532 2064 manifestum,
562 2012 642 2053 hoc
673 2010 765 2067 ipso
792 2012 857 2054 die
885 2019 948 2060 19.
979 2011 1138 2068 Aprilis
1170 2011 1458 2054 calendarium
1494 2009 1794 2066 Mapheianum

255 2088 396 2137 habet,
446 2099 567 2128 CER.
611 2099 660 2128 N.
705 2083 860 2128 Lnnl.
907 2100 986 2128 IN.
1034 2100 1142 2128 CIR.
1202 2086 1270 2128 En
1309 2085 1450 2135 Cereri
1483 2084 1568 2127 dies
1605 2099 1723 2133 sacer
1752 2093 1796 2127 et

255 2160 454 2218 nefastus,
484 2159 573 2201 lucii
604 2160 648 2201 in
673 2158 808 2202 Circo.
870 2159 1071 2217 Nesastus
1090 2168 1227 2202 autem
1258 2167 1344 2202 erat
1375 2158 1443 2201 hic
1473 2158 1558 2202 dies
1577 2173 1653 2214 per
1670 2172 1794 2214 quem

257 2233 428 2277 silebant
447 2233 571 2288 leges,
602 2249 672 2274 seu
692 2234 768 2275 tria
788 2235 909 2275 verba
931 2232 1017 2285 Do,
1039 2233 1166 2284 Dico,
1186 2233 1365 2283 Addico,
1393 2248 1469 2289 per
1489 2246 1578 2290 quae
1597 2238 1794 2288 praetores

257 2308 496 2350 sententiam
516 2308 622 2348 ferre
642 2306 764 2349 soliti.
823 2307 925 2349 Inde
947 2307 1121 2350 Ovidius
1142 2307 1252 2349 Fast.
1276 2320 1308 2348 1.
1332 2309 1410 2354 ‘47.

473 2511 496 2529 “
515 2481 586 2548 Ille
602 2506 770 2546 nefastus
788 2505 871 2553 erit,
900 2519 969 2557 per
988 2517 1104 2557 quem
1124 2504 1196 2544 tria
1213 2503 1329 2543 verba
1347 2502 1504 2542 silentur
1517 2516 1530 2542 :

552 2592 686 2632 Fastus
704 2592 787 2639 erit,
814 2605 885 2644 per
904 2605 1020 2644 quem
1039 2591 1123 2643 lege
1141 2590 1270 2630 licebit
1289 2588 1385 2642 agil’

314 2793 545 2851 Domoque.
604 2792 709 2836 MS.
731 2791 841 2835 Flor.
861 2791 986 2834 editio
1006 2791 1197 2848 princeps
1217 2798 1259 2833 et
1277 2790 1535 2834 recentiores.
1578 2787 1631 2832 I'n
1648 2785 1793 2832 MSS:

255 2867 382 2935 Harlr
399 2868 524 2911 Bodl.
544 2868 634 2912 Jes.
653 2875 694 2910 et
714 2865 981 2936 Puteolanus,
1011 2865 1158 2916 domo,·
1189 2865 1343 2908 omissa
1363 2863 1531 2921 copula.
