1858 3224
143 179 249 230 mc.
269 172 365 229 δι’
397 188 706 229 ANNALIUM
736 189 900 229 Limen
930 188 1182 230 naeuius
1214 190 1472 238 QUINTUS.
1606 197 1687 241 259

141 293 192 347 in
219 293 300 362 jus
333 293 452 343 Latii
486 294 732 342 transtulit.
800 294 1024 359 Equitum
1062 293 1388 344 Romanorum
1419 294 1547 356 locos
1573 297 1692 348 sedi-

142 373 265 422 lilms
302 371 450 438 plebis
487 373 780 437 anteposuit,¹
821 373 945 437 apud
988 372 1210 421 Circum:
1247 389 1451 438 namque
1489 377 1548 424 ad
1585 391 1689 425 eam

139 450 268 500 diem
290 449 523 502 indiscreti
551 450 742 510 inibant,
766 449 873 515 quia
907 450 985 498 lex
1021 449 1193 498 Roscia
1226 450 1358 510 nihil,
1390 449 1475 499 nisi
1499 452 1558 499 de
1579 467 1690 517 qua·

122 529 404 579 'mordecim
426 527 683 588 ordinibus,
706 528 871 576 sanxit.
941 526 1211 592 Spectacula
1233 527 1542 593 gladiatorum
1564 529 1690 578 idem

112 598 116 603 ’
140 619 292 660 annus
313 607 491 666 habuit,
513 605 612 671 pari
629 603 971 672 magnificentia
993 622 1045 653 ac
1069 603 1236 668 priora.
1273 603 1366 652 Sed
1390 600 1691 656 foeminarum

142 683 407 734 inlustrium
429 693 788 748 senatorumque
810 684 967 748 plures
988 698 1074 748 per
1095 697 1282 731 arenam
1298 680 1459 731 foedati
1482 686 1625 731 sunt.¹

579 889 643 937 A.
669 884 734 935 U.
762 886 820 935 C.
842 890 954 938 817.
1006 885 1047 934 J.
1075 885 1132 933 C.
1158 890 1238 933 64.

211 1029 293 1072 33.
329 1023 388 1074 C.
407 1021 689 1081 LAEcAmo,
711 1021 783 1069 M.
806 1018 985 1070 Licinio
1009 1017 1276 1070 consulibus
1290 1019 1304 1047 ²
1327 1018 1503 1070 acriore
1519 1018 1568 1070 in
1591 1015 1705 1071 dies'

147 1156 259 1198 bunt.
329 1155 582 1196 Secusianum
625 1162 813 1208 tropaeum
859 1154 884 1194 ὲ

146 1210 324 1253 Pliniana
366 1217 425 1250 est
476 1211 632 1250 omnino
679 1211 884 1250 diversum.

146 1263 253 1304 Illud
268 1271 380 1304 extat
396 1265 437 1304 in
449 1265 502 1303 Al
530 1265 615 1303 ibus
627 1265 788 1303 Cottiis:
808 1266 882 1303 hoc

143 1320 235 1359 vero
252 1318 329 1359 fuit
342 1320 387 1357 in
402 1318 496 1371 Alpi
526 1332 570 1357 us
587 1319 801 1367 maritimis,
815 1319 882 1357 ubi

143 1384 252 1414 nunc
271 1373 335 1412 tlte
364 1368 478 1412 Toum
505 1373 556 1426 of
580 1373 732 1420 Τονόἰα,
761 1374 800 1412 in
821 1373 884 1411 the

143 1427 289 1474 diocese
328 1426 515 1482 qf‘·Nicle,
551 1434 596 1466 ut
632 1426 799 1479 accipies
834 1441 883 1466 ex

143 1481 294 1534 egregio
311 1492 440 1533 opere,
458 1481 524 1520 c'ui
548 1481 699 1526 titulus,
721 1479 884 1520 Theatre

143 1537 211 1577 des
236 1535 355 1575 Etats
381 1535 428 1574 de
455 1535 497 1575 S.
511 1536 564 1575 A.
584 1534 635 1574 R.
663 1537 697 1574 le
726 1535 816 1574 Duc
839 1536 885 1574 de

145 1589 307 1643 Smyr.
360 1589 453 1628 Vol.
471 1602 503 1628 1.
533 1603 574 1642 p.
591 1593 658 1634 72.
702 1590 764 1628 De
793 1591 884 1640 jure

145 1644 252 1686 Latii
273 1644 358 1696 jam
375 1643 526 1683 dictum
551 1656 670 1696 supra
693 1645 732 1683 in
750 1653 829 1683 not.
846 1653 885 1684 et

147 1699 298 1740 emend.
315 1698 366 1738 ad
384 1698 528 1738 Annal.
547 1710 611 1737 xr.
629 1701 696 1737 23.

199 1805 215 1826 ¹
260 1805 450 1848 sedilibus
491 1807 610 1860 plebis
657 1806 885 1859 anteposuit.

145 1858 229 1902 Lex
248 1861 446 1902 theatralis
464 1863 620 1909 Roscia,
636 1861 661 1900 a
679 1862 723 1900 L.
743 1861 885 1900 Roscio

146 1915 303 1958 Othone
334 1914 416 1957 lat'a
441 1920 493 1956 A.
509 1917 560 1956 U.
579 1916 627 1956 C.
655 1914 750 1955 6⁸5.
778 1916 886 1967 equi-

143 1971 250 2015 tibus
282 1971 466 2011 Romanis
499 1971 793 2023 quatuordecim
826 1983 887 2008 or·

144 2025 266 2072 dines,
282 2039 350 2064 seu
367 2025 521 2077 gradus,
544 2026 583 2063 in
603 2025 752 2064 theatro
776 2037 884 2076 spec·

144 2079 253 2120 tandi
270 2079 394 2132 gratia
409 2081 578 2119 dederat.
634 2082 688 2118 At
703 2080 743 2117 in
763 2079 882 2127 circo,

144 2140 312 2182 senatus,
354 2146 483 2186 eques,
528 2134 650 2186 plebs,
687 2133 881 2171 indiscreti

144 2188 339 2227 sedebant.
391 2188 566 2228 Tandem
594 2190 645 2226 A.
659 2187 769 2226 U.C.
789 2190 882 2231 757.

144 2241 274 2282 Cinna
286 2250 326 2282 et
343 2242 511 2282 Messala
525 2241 765 2290 consulibus,
778 2253 884 2279 sena-

145 2301 246 2336 tores
260 2297 430 2348 seorsim,
456 2297 611 2336 seorsim
627 2295 775 2347 equites
794 2304 832 2335 et
858 2295 882 2333 ὲ

145 2349 259 2402 plebe
269 2351 449 2404 sejuncti,
459 2353 644 2391 circenses
655 2350 769 2388 ludos
777 2362 885 2401 spec-

145 2402 292 2454 ssrunt,
325 2412 419 2445 teste
447 2405 587 2454 Dione,
619 2416 687 2443 ιν.
723 2417 763 2456 p.
793 2400 886 2443 563.

145 2460 205 2499 At
221 2459 314 2500 cum
330 2468 452 2500 certas
469 2459 664 2510 statasque
682 2459 787 2496 sedes
811 2471 885 2496 non

143 2511 344 2560 habet-ent,
376 2514 617 2554 senatoribus
646 2511 735 2550 loca
764 2513 887 2564 adsig-

146 2569 256 2609 navit
288 2568 494 2614 Claudius,
527 2575 572 2607 ut
605 2566 764 2605 tradunt
794 2566 884 2612 Dio,

148 2634 281 2675 Lx.,p.
297 2618 394 2671 669.
410 2630 450 2662 et
465 2621 673 2661 Suetonius
689 2621 727 2657 in
742 2619 884 2660 Claud.

146 2687 247 2718 xxr.
270 2670 384 2717 circo
397 2674 487 2717 verb
499 2675 656 2715 max-imo
669 2675 887 2714 marmoreis

145 2730 373 2778 carceribus,
404 2729 623 2781 auratisque
652 2729 771 2775 metis,
807 2739 887 2780 quoe

142 2791 310 2839 atraque
333 2790 373 2824 et
400 2781 554 2836 tophina
576 2796 621 2822 ac
645 2783 769 2835 lignea
797 2782 885 2821 ant&

132 2837 315 2892 fuerant,
344 2838 504 2886 exculto,
525 2836 686 2889 propria
704 2837 888 2875 senatori-

145 2892 215 2934 bus
231 2893 430 2934 constituit
449 2892 545 2938 loca,
560 2890 768 2942 promiscue
784 2904 887 2942 spec-

146 2948 234 2988 care
252 2945 389 2996 solitis.
445 2946 605 2998 Equites
623 2944 753 2983 adhuc
771 2944 886 2983 indis-

145 3001 243 3043 creti
271 3001 509 3054 spectabant,
542 2999 709 3053 euripos,
742 2999 886 3050 quibus

955 1167 1111 1194 arenam
1135 1155 1263 1194 caesar
1288 1155 1455 1194 dictator
1479 1156 1697 1196 circumde-

955 1210 1075 1257 derat,
1087 1210 1196 1248 Nero
1207 1210 1389 1261 Princeps
1397 1211 1566 1258 sustulit,
1578 1211 1696 1262 equiti

956 1264 1038 1303 loca
1055 1265 1206 1311 addens,
1225 1263 1325 1302 Plin.
1347 1276 1444 1302 vm.
1463 1269 1501 1308 7.
1537 1265 1639 1303 Vide
1656 1273 1694 1303 et

959 1318 1188 1357 Suetonium
1203 1319 1243 1356 in
1257 1318 1352 1357 Ner.
1367 1330 1430 1357 m.
1450 1318 1523 1357 His
1536 1319 1591 1357 ita
1603 1331 1694 1357 con-

956 1372 1112 1419 stitutis,
1129 1372 1159 1410 si
1182 1373 1250 1423 qui
1268 1379 1456 1411 senatores
1473 1373 1695 1423 promiscue¹

956 1435 1129 1478 spectare
1153 1426 1306 1473 vellent,
1332 1434 1509 1478 poterant
1524 1428 1695 1478 quidem,

956 1481 1020 1519 sed
1050 1481 1199 1532 vulgari
1229 1487 1342 1527 veste,
1370 1493 1448 1519 non
1475 1481 1565 1520 ver&
1589 1494 1695 1520 sena-

958 1534 1070 1582 toria,
1088 1545 1134 1573 ut
1149 1535 1364 1586 accipimus
1381 1548 1431 1574 ex
1458 1535 1598 1583 Dione,
1622 1547 1696 1575 Lx.

957 1604 997 1642 p.
1015 1586 1108 1634 669.
1139 1590 1184 1627 Id
1213 1602 1368 1640 quoque
1384 1589 1580 1640 equitibus
1608 1602 1698 1628 con-

960 1657 1105 1683 cessum
1124 1644 1287 1682 videtur.
1343 1643 1418 1681 Sed
1436 1643 1696 1693 Domitianus,

959 1696 1131 1750 suscepta
1157 1711 1299 1736 morum
1319 1703 1564 1744 correctione,
1584 1699 1697 1737 licen-

959 1753 1050 1791 tiam
1068 1752 1288 1791 theatralem
1297 1751 1506 1802 promiscue*
1523 1751 1562 1789 in
1576 1753 1699 1804 equite

959 1806 1153 1858 spectandi
1178 1806 1353 1853 inhibuit,
1373 1806 1530 1844 Sueton.
1547 1806 1588 1844 in
1615 1807 1698 1845 Do-

958 1869 1041 1900 1n1t.
1060 1873 1160 1899 v111.
1424 1867 1437 1880 ““

1012 1912 1030 1930 ²
1058 1915 1136 1954 Per
1154 1928 1304 1953 arenam
1308 1915 1456 1968 soedati
1469 1921 1570 1954 sunt.
1597 1915 1697 1954 Tura

958 1969 1058 2021 piter
1074 1969 1204 2008 foedati
1218 1985 1230 2016 ;
1261 1970 1351 2007 cum
1369 1983 1444 2007 non
1460 1971 1574 2009 modo
1590 1971 1699 2022 equi-

960 2031 1028 2071 teS,
1061 2023 1126 2061 sed
1172 2031 1372 2071 senatores,
1418 2032 1536 2075 atque
1580 2025 1699 2064 etiam

958 2077 1124 2116 illustres
1162 2078 1337 2126 foeminae,
1365 2078 1405 2126 in
1441 2091 1595 2121 arenam
1634 2080 1705 2119 de⁴>

958 2132 1192 2180 scenderent,
1226 2141 1264 2170 et
1299 2132 1556 2182 gladiatorum
1592 2145 1699 2172 more

958 2194 1183 2238 pugnarent.
1209 2185 1327 2231 Quod
1345 2187 1564 2226 inauditum
1577 2187 1700 2226 lieen-

924 2262 927 2265 ·
959 2241 1022 2278 tiae
1051 2253 1168 2292 genus
1185 2248 1391 2279 execratur
1419 2240 1511 2288 Dio,
1535 2252 1628 2281 Lxx.
1655 2254 1700 2294 p·

944 2291 1052 2340 697.
1073 2293 1307 2345 ac‘maxime
1327 2294 1349 2333 J
1354 2295 1541 2341 uvenalis,
1569 2295 1700 2348 Satyr.

960 2361 1020 2387 Ἦ.
1040 2353 1118 2389 245
1139 2356 1177 2387 et
1199 2362 1278 2400 seq.
1297 2360 1396 2387 vm.
1425 2352 1516 2395 194.
1555 2349 1699 2389 Paucis

959 2403 1167 2442 Suetonius
1193 2403 1232 2440 in
1264 2403 1358 2442 Ner.
1388 2415 1471 2441 xn.
1517 2402 1701 2443 Exhibuit

962 2458 1067 2496 Nero
1082 2457 1284 2510 adferrum
1299 2457 1570 2508 gladiatorium
1585 2459 1700 2496 etiam

959 2512 1254 2564 quadringentos
1274 2518 1479 2559 senatores,
1491 2518 1700 2551 sexcentos·

958 2579 1028 2617 que
1054 2567 1196 2618 equites
1225 2565 1425 2613 Romanos,
1455 2571 1491 2603 et
1522 2567 1700 2616 quosdam

943 2620 1122 2672 jbrtunoe
1148 2626 1261 2670 atque
1293 2619 1576 2658 existimationis
1604 2620 1700 2659 inte-

924 2685 941 2695 *
955 2688 1051 2726 groe,
1066 2687 1110 2712 ex
1121 2674 1251 2712 iisdem
1263 2674 1454 2713 ordinibus
1469 2674 1701 2725 conjectores

959 2741 1100 2779 quoque
1110 2728 1298 2779 ferarum,
1316 2734 1351 2766 et
1369 2730 1478 2766 varia
1492 2738 1614 2767 arenoe
1631 2728 1700 2766 mi-

957 2782 1129 2821 nisteria.
1156 2782 1300 2821 Eadem
1312 2794 1468 2832 quoque
1481 2781 1556 2821 fuit
1566 2781 1701 2833 poste&

960 2831 1174 2875 Domitiani
1193 2837 1353 2882 insania,
1375 2836 1532 2874 Sueton.
1548 2836 1588 2874 in
1614 2836 1701 2875 ‘Do-

959 2891 1043 2928 mit.
1063 2896 1124 2928 xv.
1143 2890 1190 2928 N
1189 2904 1228 2930 ec
1243 2890 1408 2928 virorum
1420 2890 1525 2928 modo
1535 2886 1700 2942 pugnae,

956 2945 1023 2984 sed
1040 2944 1326 2997 etfoeminarmn
1345 2944 1539 2983 com-misit.
1703 2961 1707 2966 -

1011 2991 1030 3018 ¹
1084 2997 1147 3037 M.
1183 2997 1331 3038 Licinio
1374 2995 1595 3038 consulibus.
1651 2995 1701 3038 C.
