1858 3224
175 144 180 148 ‘
233 153 315 192 388
707 149 869 190 NOTAE
899 149 967 190 ET
995 149 1438 198 EMENDATIONES

236 247 350 290 riade
365 255 409 291 et
424 246 637 291 Taricheis
656 248 786 292 innuit
806 249 836 294 J
839 250 1015 305 osephus
1042 265 1165 306 supra
1190 251 1388 296 laudatus.
1447 253 1764 301 Observandum

238 320 415 377 denique
434 321 476 364 in
498 323 672 365 nummis
692 323 888 379 Agrippae
915 321 977 365 ΙΙ.
996 323 1172 366 diversas
1191 339 1288 368 aeras
1309 326 1470 382 signari,
1491 343 1581 384 quae
1601 329 1764 373 initium

240 394 396 436 ducunt
413 392 439 435 ὸ.
457 394 622 437 diversis
641 398 906 452 temporibu8‚
927 396 1074 453 quibus
1097 411 1217 452 regna
1230 399 1463 455 auspicatus
1481 409 1557 453 est,
1575 409 1622 444 ut
1640 401 1765 446 Chal·

241 466 358 519 cidis,
375 468 689 525 Trachonitidis‚
709 469 737 512 J
741 468 897 521 uliadis,
925 470 1005 512 Sec.
1035 484 1126 526 quae
1152 470 1245 513 satis
1273 472 1325 514 sit
1351 473 1566 527 monuisse,
1593 475 1688 518 cum
1715 458 1764 521 iisv

242 539 453 583 immorari
469 540 577 583 haud
594 540 728 584 liceat.

312 692 376 729 10.
409 686 692 740 DRUSUS,
716 687 911 744 Agrippae
931 686 993 730 II.
1021 688 1156 741 frater,
1176 697 1268 731 ante
1288 668 1542 745 pubertateni
1567 699 1768 737 mortuus.

249 759 423 816 Joseph.
444 760 586 819 Antiq.
611 761 641 805 J
646 763 713 804 ud.
736 776 882 804 xv111.
903 768 944 808 7.
977 762 1047 804 Sic
1067 762 1131 804 vel
1149 762 1520 808 filiorum'suorum
1539 766 1771 810 nominibus:

253 834 535 878 Romanorum
554 835 723 891 gratiam
741 837 1021 893 aucupabatur
1039 836 1228 893 Agrippa
1243 837 1438 892 Magnus.

317 987 382 1023 11.
415 980 598 1025 BERE
610 983 653 1025 N
662 981 792 1036 ICE,
836 999 953 1026 soror
990 983 1187 1039 Agrippae
1221 983 1281 1025 II.
1319 992 1448 1041 nupta
1485 962 1647 1029 Hesiodi
1690 986 1775 1042 regi

254 1053 462 1098 Chalcidis
481 1064 524 1098 et
544 1056 762 1099 Polemoni
781 1058 864 1112 regi
884 1057 1054 1109 Cilieiae,
1085 1056 1228 1113 postea
1251 1057 1339 1099 Titi
1364 1058 1570 1102 amoribus
1593 1058 1780 1115 percele-

256 1128 353 1171 bris.
410 1128 586 1186 Joseph.
618 1130 716 1173 ibid.
764 1130 900 1174 Tacit.
931 1130 1045 1173 Hist.
1074 1144 1128 1172 11.
1156 1136 1184 1173 2
1208 1138 1250 1173 et
1276 1135 1345 1173 81.
1403 1130 1499 1174 Nos
1535 1124 1699 1190 quique
1735 1133 1779 1176 in

251 1201 544 1258 Supplement.
566 1203 679 1248 Hist.
700 1219 743 1247 V.

322 1354 387 1391 12.
419 1348 789 1405 DRUSILLA,
822 1367 938 1395 soror
971 1352 1170 1409 Agrippae
1200 1351 1261 1394 II.
1300 1367 1404 1395 uxor
1435 1351 1616 1408 primum
1646 1350 1780 1403 Azizi,

260 1421 365 1476 regis
395 1422 656 1475 Emesorum,
690 1425 834 1468 deinde
866 1425 1030 1478 Felicis,
1063 1425 1244 1481 praesidis
1270 1425 1440 1468 Judaeae.
1480 1424 1652 1481 Joseph.
1673 1422 1782 1466 ibid.

263 1494 323 1537 D.
346 1496 498 1549 Lucas,
517 1497 614 1540 Act.
632 1513 700 1541 xx
708 1513 771 1541 ιν.
791 1505 861 1542 24.
891 1499 988 1542 Alia
1006 1507 1067 1541 est
1090 1498 1284 1552 Drusilla,
1306 1498 1538 1555 Cleopatrae
1557 1507 1599 1541 et
1613 1495 1794 1558 Antonii·

262 1569 410 1624 neptis,
448 1586 572 1628 quam
603 1572 742 1627 Felix,
775 1572 844 1630 qui
877 1573 1006 1615 tribus
1043 1571 1190 1628 reginis
1221 1571 1370 1629 nupsit,
1406 1571 1448 1615 in
1480 1560 1783 1616 matrimonium

262 1642 424 1700 accepit

330 1795 394 1832 13.
423 1790 689 1844 AZIZUS‚
723 1807 794 1835 rex
833 1792 1107 1836 Emesorum:
1142 1793 1193 1835 de
1222 1798 1304 1849 quo
1333 1785 1453 1848 plura
1484 1791 1526 1834 iu
1559 1792 1784 1838 Stemmata

268 1862 558 1918 Sohemorum,
578 1881 619 1908 ιι.
638 1871 681 1908 5.

331 2018 400 2055 14.
428 2011 659 2064 FELIX,
688 2011 820 2055 dictus
850 2012 1000 2055 Tacito
1033 2011 1238 2057 Antonius
1261 2011 1390 2064 Felix,
1423 2012 1545 2054 frater
1577 1985 1789 2065 Pallantis,

268 2083 436 2127 libertus
453 2084 629 2138 Claudii,
650 2101 798 2142 praeses
811 2086 839 2129 J
843 2087 982 2138 udaeae,
1010 2085 1159 2142 conjux
1185 2084 1394 2137 Drusillae,
1420 2084 1544 2127 trium
1562 2084 1788 2140 reginarum

273 2157 456 2200 maritus.
501 2158 677 2213 Joseph.
698 2158 841 2215 Antiq.
860 2159 888 2202 J
893 2160 960 2201 ud.
982 2173 1068 2202 xx.
1095 2164 1137 2202 5.
1188 2158 1358 2200 sueton.
1374 2157 1417 2199 in
1436 2156 1585 2200 Claud.
1605 2170 1790 2200 xxvnr.

270 2232 407 2274 Tacit.
426 2231 574 2273 Annal.
598 2246 689 2274 xu.
710 2238 779 2275 54.
809 2241 850 2274 et
870 2231 982 2274 Hist.
1005 2246 1047 2273 v.
1068 2238 1113 2280 9.
1169 2231 1325 2274 Coram
1343 2229 1483 2273 Felice
1501 2245 1666 2273 causam
1688 2229 1790 2273 dixit

275 2305 336 2353 D.
358 2304 527 2356 Paulus,
547 2305 646 2348 Act.
664 2305 857 2362 Apostol.
881 2320 949 2348 xx
959 2319 1020 2348 iv.

339 2457 406 2496 15.
435 2450 529 2493 AG
540 2449 768 2508 RIPRA‚
797 2451 905 2494 filius
927 2450 1074 2494 Felicis
1093 2458 1135 2493 et
1166 2448 1375 2502 Drusillae,
1404 2448 1527 2506 periit
1543 2464 1640 2492 cum
1667 2455 1795 2495 matre,

267 2525 461 2569 incendio
479 2523 727 2577 Vesuviano,
744 2524 833 2567 Titi
850 2533 1050 2581 tempore.
1078 2523 1107 2567 J
1110 2524 1253 2580 oseph.
1268 2522 1410 2580 Antiq.
1427 2523 1457 2566 J
1461 2523 1529 2568 ud.
1550 2536 1637 2566 ΣΧ.
1656 2528 1700 2566 5.
1745 2520 1747 2524 ’

342 2673 408 2715 16.
438 2669 786 2714 MARIAMN
797 2671 850 2725 E,
902 2672 1081 2715 Simonis
1118 2670 1216 2725 fllia,
1255 2684 1360 2712 uxor
1406 2666 1588 2713 Herodis
1634 2666 1796 2730 Magni

277 2743 450 2851 Josegih.
469 2744 613 2802 Antiq.
630 2745 732 2790 Jud.
752 2758 901 2789 xviii.
922 2750 964 2791 7.
