1858 3224
245 155 325 191 402
650 146 815 188 NOTAE
844 147 912 186 ET
941 145 1381 214 EMENQATIONES

249 263 392 308 equos,
409 265 544 302 canes,
566 250 680 302 feles,
702 266 853 302 mures,
877 249 989 292 senio
1010 265 1176 307 quoque
1190 264 1236 292 ac
1250 252 1396 293 morbo
1412 256 1576 293 enectos
1589 245 1783 302 fastidiat,
1815 280 1831 297 ,

249 333 352 368 teste
384 326 531 366 eodem
568 324 619 366 P.
651 325 706 366 du
733 324 885 374 Halde,
907 323 976 380 q'ui
1008 323 1047 365 id
1077 339 1158 365 non
1190 323 1395 366 immerito
1424 323 1529 366 inter
1557 322 1786 380 praecipuas

252 398 433 441 Sinensis
454 397 710 441 abundantiae
732 413 873 440 causas
896 407 1092 440 recenset.
1130 402 1157 422 “
1181 397 1244 440 La
1263 397 1374 439 chair
1391 398 1463 457 'des
1488 397 1671 454 jamenu
1685 408 1784 439 nau·-

251 488 370 528 vages
390 482 450 514 est
472 474 551 514 fort
571 468 766 514 estimee·
782 495 794 507 ο
811 495 822 506 ·
840 495 852 506 ·
865 472 926 514 Le
947 471 1098 527 peuple
1120 462 1426 514 s'accommode
1443 473 1526 513 fort
1543 471 1595 513 de
1613 470 1658 514 la,
1673 469 1786 513 chain·

231 542 322 607 ¹des
356 548 551 599 chevaux,
584 555 625 588 et
659 548 730 588 des
763 547 912 598 chiens,
948 546 1126 603 quoique
1161 554 1287 587 morts
1326 546 1375 587 de.
1408 544 1621 595 vieillesse‚
1653 557 1710 588 ou
1723 544 1786 586 de

250 621 450 673 maladie;
480 619 508 662 il
528 620 590 662 n’a
610 636 683 676 pas
703 620 838 662 meme
859 621 908 661 de
930 619 1187 675 repugnance
1207 618 1231 660 a
1250 634 1418 675 manger
1437 618 1539 662 celle
1558 619 1630 661 des
1656 618 1786 669 chata,

251 696 322 738 des
342 703 437 746 rats,
468 702 510 736 et
540 695 712 735 d’autres
744 693 891 749 pareils
919 693 1122 745 animaux,
1144 692 1214 749 qui
1234 708 1277 735 se
1305 694 1407 737 vend
1427 694 1524 735 dans
1552 692 1612 736 les
1633 690 1789 736 rues:”

251 770 307 811 du
329 768 483 820 Halde,
505 768 586 810 loc.
606 768 674 810 cit.
698 784 739 823 p.
769 773 861 810 138.
908 767 990 808 Sed
1021 767 1130 809 certe
1161 775 1203 809 et
1233 767 1318 809 sine
1346 766 1432 809 ullo
1462 765 1788 826 amplificationis

252 850 379 896 metu,
401 851 447 886 ut
461 858 600 885 recens
621 842 765 897 accepi
780 843 831 882 ab
851 841 897 882 iis
914 841 983 897 qui
1006 841 1149 883 Pekini
1169 841 1309 884 multis
1330 841 1478 884 abhinc
1494 829 1606 883 anitii!
1621 840 1787 896 degunt,

252 916 311 959 ibi
329 925 591 959 numerantur
609 915 753 957 incolae
776 914 951 968 circiter,
976 935 1533 953 ....................
1544 920 1585 967 2,
1587 919 1791 967 500,ωο

370 991 481 1047 quod
502 989 669 1032 minime
695 989 845 1055 mirum
865 997 925 1031 est
945 989 985 1031 in
1005 989 1193 1044 imperio,
1214 989 1281 1031 cui
1300 998 1361 1031 est
1385 989 1450 1031 bis
1464 987 1617 1032 millies
1634 987 1791 1031 incolt·
1810 1042 1815 1046 μ
1851 1004 1854 1005 ’

373 1074 519 1115 {11an
529 1085 1324 1101 ····························
1327 1077 1329 1079 ·
1341 1084 1468 1098 .....
1487 1067 1790 1118 200‚0oe‚‚0oe

258 1138 319 1182 At
349 1139 443 1191 clun
479 1136 546 1179 Cl.
572 1137 621 1178 de
654 1136 772 1187 Paw,
814 1136 872 1177 vir
903 1136 1043 1179 multae
1074 1135 1274 1188 lectionis,
1306 1136 1419 1189 ritus,
1447 1151 1598 1188 mores,
1628 1134 1790 1192 aliaque
1843 1132 1848 1144 '

257 1211 436 1255 Sinensis
455 1210 602 1267 populi
622 1226 768 1265 magno
785 1209 925 1253 labore
946 1209 1210 1261 coacervavit,
1237 1219 1284 1252 ut
1306 1218 1467 1264 gentem
1491 1209 1571 1252 sibi
1585 1223 1661 1271 nec
1680 1210 1790 1263 satis,

256 1301 332 1329 nec
354 1284 568 1341 diligenter
588 1284 793 1340 cognitam
813 1293 1048 1326 extenuaret
1078 1271 1124 1326 ac
1157 1283 1414 1339 deprimeret,
1434 1298 1582 1340 „opetoe
1612 1283 1790 1340 pretium

256 1359 354 1401 duxi
376 1375 465 1415 quae
486 1357 618 1399 obiter
634 1358 846 1412 attigeram
869 1357 996 1400 fusius
1017 1357 1251 1414 explanare,
1272 1364 1318 1399 ut
1338 1372 1416 1408 res,
1437 1357 1520 1414 qua
1538 1356 1649 1400 nulla
1669 1365 1731 1400 est
1749 1357 1790 1399 in

254 1433 427 1490 politica
449 1431 683 1475 oeconomia
698 1431 921 1474 attentione
941 1431 1114 1488 dignior,
1130 1446 1207 1488 pro
1227 1430 1455 1497 argumeny’
1469 1430 1662 1488 dignitate
1676 1429 1789 1474 evol-

257 1515 431 1551 v-eretur
1234 1511 1237 1521 ³

259 1861 353 1906 DE
388 1861 620 1919 PerLJ
650 1860 1034 1909 FREQUENTIA
1073 1859 1242 1919 ᾼΡυι)
1280 1858 1459 1907 sums,
1497 1857 1797 1907 HUJUSQUE

608 1938 817 1977 TANTAE
853 1937 1206 1984 FRQUENTIAE
1242 1935 1450 1978 CAUSIS.

318 2172 405 2216 CL.
429 2186 491 2216 DE
516 2174 652 2227 PAw,
686 2172 932 2217 Recherclzes
961 2172 1302 2232 Philosophiques
1330 2189 1402 2218 sm·
1426 2173 1480 2218 les
1507 2173 1734 2235 Egyptians
1756 2185 1800 2220 et-

260 2247 316 2290 les
339 2246 522 2300 Chium,
541 2248 691 2304 Voti.
713 2264 755 2304 p.
778 2254 847 2297 89.
880 2249 975 2291 Vol.
1001 2264 1053 2291 ιι.
1075 2265 1116 2304 p.
1136 2250 1236 2293 361.
1256 2259 1297 2291 et
1317 2248 1414 2292 alibi
1434 2249 1603 2306 passim,
1621 2248 1796 2293 affirmat

261 2320 453 2364 Sinarum
474 2322 695 2378 regionem,
725 2322 853 2364 sexies
875 2323 1101 2364 Germani&
1122 2324 1333 2380 majorem,
1363 2333 1446 2366 tam
1477 2324 1626 2380 exiguo
1645 2322 1799 2367 incola-

260 2408 351 2437 rum
381 2410 552 2437 numero
579 2396 841 2452 frequentari,
872 2404 919 2438 ut
949 2394 1045 2438 licet
1075 2397 1311 2448 Germania,
1324 2398 1446 2454 juxta
1466 2396 1535 2441 cl.
1552 2396 1796 2451 Sussnissch,

259 2468 411 2511 habeat
429 2469 637 2512 ducenties
654 2470 892 2526 quadragies
913 2470 1082 2524 incolas,
1104 2477 1174 2523 24,
1177 2476 1276 2524 000,
1278 2472 1379 2525 000,
1399 2470 1506 2515 Sinae
1522 2485 1605 2516 nou
1622 2472 1799 2516 habeant

261 2542 517 2600 quingenties
537 2544 733 2600 sexagies,
753 2544 823 2595 56,
825 2549 925 2595 000,
927 2550 1027 2587 000.

322 2612 539 2673 Deceptus
564 2626 624 2659 est
654 2632 803 2673 nempe
830 2617 895 2659 Cl.
916 2618 976 2660 vir
1003 2627 1095 2661 acto
1122 2618 1367 2662 familiarum
1399 2598 1632 2663 Sinensiuiri
1661 2632 1800 2675 censu,

238 2688 358 2732 ‘etun
386 2688 552 2732 Tartari
583 2690 752 2733 Sinense
780 2691 930 2733 solium
965 2706 1218 2754 occupavere
1256 2693 1464 2749 superiore
1498 2691 1655 2747 seculo,
1691 2707 1799 2742 anno

234 2801 241 2805 .
266 2763 389 2806 1644.
448 2761 570 2806 Tunc
601 2775 822 2807 numeratae
854 2774 947 2807 sunt
973 2759 1134 2809 famssiae
1171 2771 1438 2820 11‚052‚e72.
1495 2767 1705 2824 opinatus
1735 2777 1798 2812 est

264 2836 439 2882 familias
457 2837 562 2892 illas,
582 2847 628 2883 ut
645 2846 817 2894 nostras,
833 2839 948 2897 juste
961 2840 1165 2896 aestimari,
1185 2839 1218 2884 si
1236 2851 1428 2885 numerus
1447 2840 1694 2885 familiarum
1725 2854 1801 2899 per
