1858 3224
203 205 284 243 324
685 194 733 235 C.
765 194 1030 235 CORNELII
1056 192 1239 236 '1'Acr1’1
1439 200 1492 239 A.
1509 199 1561 240 U.
1577 198 1624 240 C.
1643 202 1737 248 819.

207 308 240 331 “
271 300 489 360 obvium3
525 298 702 348 audiret
724 311 905 348 senatus
925 316 1080 358 voceS,
1101 299 1230 365 quasi
1258 317 1320 349 ex
1351 299 1505 367 aliquo
1526 302 1736 363 numine,

210 384 240 406 ‘⁴
271 395 411 443 supra
444 378 703 425 humanas:
739 394 873 441 posse
911 377 1010 441 ipso
1055 376 1278 427 miraculo
1313 378 1449 427 etiam
1491 379 1734 439 Neronem

211 459 240 482 “
273 453 561 520 permoveri:
598 454 667 502 sin
689 453 942 502 crudelitati
963 453 1204 513 insisteret,
1228 454 1443 521 distingui
1463 454 1589 505 certe
1609 458 1736 522 apud

210 537 238 560 ‘⁴
271 544 476 597 posteros
509 530 779 580 memoriam
807 529 986 579 honesti
1008 530 1162 580 exitus
1193 532 1252 580 ab
1272 530 1453 598 ignavia
1484 549 1571 599 per
1599 533 1736 585 silen-

209 615 245 638 “
278 610 394 658 tium
418 608 751 674 pereuntium.”

275 771 355 813 26.
391 765 641 824 CONTRA,
664 764 744 831 qui
767 764 1100 831 opperiendum
1122 763 1249 813 domi
1271 763 1532 827 censebant,
1553 762 1614 817 de
1632 765 1734 833 ipso

207 841 413 891 Thrasea
437 842 629 890 eadem.¹
682 847 715 872 ‘⁶
739 844 832 891 Sed
856 843 1052 891 ludibria
1073 853 1119 890 et
1141 842 1439 892 contumelias
1460 843 1731 895 imminere:

208 924 258 955 “>
277 918 562 967 subtraheret
582 935 714 968 aures
743 920 956 969 conviciis
979 931 1024 968 et
1045 920 1238 984 probris.
1306 921 1420 969 Non
1439 921 1741 972 solum-*Cosa

207 1001 243 1024 “
278 996 506 1044 sutianum
528 1007 606 1043 aut
635 997 847 1062 Eprium,
877 999 936 1046 ad
966 997 1114 1046 scelus
1135 1007 1359 1061 promtos,
1379 1014 1633 1063 superesse,
1648 997 1737 1065 'qui

206 1078 241 1101 ‘⁶
275 1071 463 1121 forsitan
506 1089 668 1123 manus
711 1075 919 1140 ictusque
963 1091 1047 1140 per
1090 1075 1419 1123 immanitatem
1434 1088 1436 1091 ’
1449 1075 1664 1142 »Augusti
1682 1093 1698 1125 ε
1717 1078 1738 1099 ²

206 1154 241 1178 ‘⁶
276 1149 410 1198 etiam
453 1151 600 1199 bonos
639 1163 765 1201 metu
810 1153 953 1218 sequi.
1022 1153 1298 1202 Detraheret
1339 1151 1496 1217 potius
1540 1152 1734 1214 semini,

207 1231 242 1255 “
278 1243 416 1290 quem
438 1230 788 1290 perornavisset,
805 1229 1038 1278 infamiam
1059 1229 1170 1278 tanti
1188 1229 1364 1295 flagitii:
1390 1241 1436 1278 et
1456 1229 1736 1296 relinqueret

206 1308 241 1333 ‘⁶
271 1304 518 1363 incertum,
574 1306 703 1370 quid,
748 1307 847 1356 viso
902 1307 1109 1356 Thrasea
1163 1323 1263 1367 reo,
1313 1307 1561 1356 decreturi·
1584 1318 1737 1373 patres

206 1387 240 1413 “
274 1379 458 1431 fuerint.
533 1386 603 1433 Ut
625 1386 868 1433 Neronem
897 1384 1174 1450 flagitiorum
1206 1384 1360 1449 pudor
1380 1392 1585 1450 caperet,
1597 1383 1736 1434 inrita

207 1467 241 1491 “
274 1479 355 1527 spe
377 1464 563 1529 agitari:
599 1463 839 1528 multoque
856 1462 1001 1528 magis
1023 1462 1297 1522 timendum,
1319 1477 1379 1510 ne
1399 1462 1448 1509 in
1470 1463 1740 1530 conjugem,

207 1544 242 1568 ‘⁶
275 1540 324 1587 in
361 1539 596 1600 familiam,
635 1541 684 1587 in
722 1551 872 1589 cetera
910 1540 1104 1611 pignora
1142 1540 1240 1604 ejus
1274 1538 1467 1587 saeviret.
1534 1539 1743 1589 Proinde<

208 1621 243 1645 “
276 1616 587 1678 intemeratus,
609 1617 895 1682 impollutus,
919 1629 1120 1681 quorum
1141 1614 1339 1681 vestigiis
1361 1626 1407 1664 et
1422 1614 1581 1664 studiis
1596 1615 1738 1666 vitam

208 1698 243 1722 “
277 1695 478 1755 duxerit,
500 1712 663 1744 eorum
697 1693 845 1761 gloria
875 1705 1050 1759 peteret
1079 1693 1272 1741 finem.''
1340 1693 1519 1742 Aderat
1535 1692 1738 1743 consilio

210 1769 429 1821 Rusticus
472 1773 727 1831 Arulenus,
773 1771 971 1837 flagrans
1009 1770 1206 1836 juvenis,
1245 1781 1291 1818 et
1334 1769 1548 1834 cupidine
1590 1770 1739 1820 laudis

207 1848 428 1897 offerebat
466 1854 497 1876 “
519 1867 568 1900 se
590 1850 946 1897 intercessurum
969 1847 1360 1896 senatusconsulto
1376 1848 1428 1895 :”
1461 1863 1570 1896 nam
1591 1847 1739 1914 plebis

207 1924 419 1974 tribunus
440 1938 550 1974 erat.
620 1925 842 1975 Cohibuit
875 1924 1059 1988 spiritus
1080 1926 1177 1990 ejus
1211 1925 1433 1984 Thrasea,
1473 1929 1502 1951 “
1523 1941 1584 1974 ne
1604 1941 1740 1985 vana,

213 2005 244 2026 “
278 2013 324 2049 et
345 2019 426 2054 reo
446 2020 543 2052 non
564 2001 824 2067 profutura,
845 2000 1132 2057 intercessori
1148 2000 1339 2050 exitiosa
1358 2001 1592 2067 inciperet.
1640 2003 1739 2053 Sibi

212 2081 243 2103 “
274 2091 425 2127 actam
446 2091 644 2138 aetatem,
673 2090 719 2127 et
747 2089 816 2127 tot
843 2094 927 2142 per
949 2094 1092 2126 annos
1113 2078 1386 2127 continuum
1400 2078 1509 2129 ‘vitae
1527 2078 1740 2130 ordinem

214 2160 243 2181 ‘⁶
276 2172 372 2203 non
394 2158 728 2205 deserendum:
763 2156 828 2204 illi
863 2155 1042 2204 initium
1071 2155 1436 2221 magistratuum,
1470 2162 1517 2204 et
1543 2155 1739 2222 integra,

213 2236 245 2258 “
279 2251 383 2297 quae
414 2234 654 2297 supersint.
723 2233 937 2282 Multum
965 2232 1070 2282 ante
1098 2250 1256 2281 secum
1278 2233 1576 2297 expenderet,
1609 2233 1737 2297 quod

214 2314 254 2339 “›
276 2309 353 2357 tali
373 2310 422 2357 in
438 2322 646 2374 tempore
663 2310 950 2375 capessendae
967 2309 1230 2373 reipublicae
1245 2309 1332 2358 iter
1342 2309 1707 2375 ingrederetur?
1722 2312 1738 2339 ³

212 2386 439 2435 Ceterum
478 2386 592 2450 ipse,
621 2404 679 2436 an
714 2387 870 2437 venire
903 2386 954 2436 in
985 2396 1195 2436 senatum
1227 2385 1427 2446 deceret,
1458 2385 1738 2436 meditationi

211 2480 307 2513 suae
328 2461 525 2531 reliquit.

266 2724 279 2743 ¹
310 2726 463 2766 Eadem.
491 2727 636 2767 Eadem
654 2729 846 2770 dicebant.
1013 2730 1062 2769 ad
1080 2729 1220 2769 Annal.
1237 2740 1329 2768 xvx.
1345 2725 1411 2768 26.
1497 2774 1503 2779 .
1591 2773 1595 2775 ‚

264 2777 284 2796 ²
332 2781 409 2819 Per
453 2782 717 2821 immanitatem
762 2783 941 2834 Augusti.
1068 2780 1083 2803 ³
1124 2784 1210 2822 Iter
1244 2784 1518 2835 ingrederetur.
1559 2779 1741 2818 Arduum

213 2833 341 2872 Locus
357 2835 511 2873 omnino
531 2843 750 2888 corruptus.
805 2837 944 2875 Emen-
1014 2837 1164 2876 virtutis
1188 2838 1258 2875 iter
1274 2837 1464 2888 pergebat,
1489 2832 1581 2872 cum
1607 2831 1634 2872 ὲ
1659 2833 1741 2883 Dq-

211 2887 380 2926 dandum
399 2896 495 2941 puto
516 2903 588 2940 per
604 2890 868 2941 immanitatem
888 2891 944 2928 in·
1016 2891 1174 2928 mitiano
1191 2890 1410 2928 interfectus
1426 2887 1494 2935 e'st,
1520 2892 1565 2926 ut
1581 2885 1740 2942 <dicetur

212 2947 417 2982 tentarent.
471 2943 574 2983 Vide
608 2949 689 2984 not.
724 2950 764 2985 et
795 2943 944 2987 emend.
1015 2944 1113 2984 infra
1129 2943 1533 2996 in.Vit.Agric.x1.v.‘
