1832 3230
232 140 310 181 498
638 137 798 177 NOTAE
829 139 896 177 ΕΤ
924 138 1368 191 EMENDATIONES

241 257 407 302 nectere,
437 256 562 308 atque
586 251 711 308 ips'ius
730 254 870 307 verba,
901 255 978 297 διο.
1040 255 1180 303 Quam
1211 255 1252 298 in
1281 256 1387 299 notis
1419 255 1773 314 proposuiemen·

241 323 462 376 dationem,
493 341 540 367 ca
559 325 658 368 mihi
677 329 728 369 ad
749 337 924 371 veterem
945 327 1202 384 scripturam,
1231 330 1370 373 Taciti
1390 346 1438 373 ac
1459 330 1640 377 Neronis
1654 318 1779 375 'men-⁴
1822 372 1825 379 .

240 408 337 450 tem,
368 400 716 443 accommodatior
735 402 906 444 videtur.
965 402 1090 444 Forte
1112 411 1243 446 tamen
1276 405 1488 461 scriptum,
1518 405 1773 462 aetatexpari.

243 471 410 515 Frustra
434 473 616 516 Pichena
643 475 664 516 ὲ
691 474 792 518 MS.
814 475 925 518 Flor.
958 478 1153 531 tentabat,
1188 476 1343 520 oblatos
1374 493 1450 534 pro
1478 477 1642 522 allatos.
1681 478 1773 522 Sic

243 545 434 601 Ruperti,
464 549 587 589 verba
621 563 694 590 neo
726 549 821 591 dum
852 549 1023 607 insignis
1057 551 1188 598 aetatis
1219 552 1311 593 nati
1339 551 1668 608 conruptissima,
1699 566 1775 595 nec

242 620 325 662 ulla
344 621 575 663 emendatio
609 607 703 664 satis
722 623 836 665 'facit
866 623 1043 665 virorum
1066 626 1297 676 doctorum,
1328 625 1395 682 qui
1430 627 1572 668 omnes
1601 624 1673 668 illa
1690 641 1775 668 non

242 703 411 750 puncto,
442 697 510 736 sed
530 706 731 738 commate
762 695 787 738 ὲ.
817 699 1016 753 praecedd.
1038 699 1282 754 sejungenda
1303 708 1461 755 putant.
1521 696 1629 744 Me'o
1649 698 1778 756 quali-

241 783 417 824 cumque
429 769 586 825 judicio
610 770 823 827 PrincepS,
854 781 986 826 poetae
1020 772 1182 814 laudem
1213 774 1431 826 adfectans,
1463 772 1668 815 contraxit
1690 788 1776 826 eos,

243 842 393 897 quibus
424 843 587 898 insignis
620 844 771 900 potius,
802 844 927 901 quzim
959 846 1102 898 tennis,
1148 846 1326 888 carmina
1352 845 1569 904 pangendi
1582 845 1777 904 facultas

243 925 373 959 esset:
403 916 549 959 horum
571 926 707 959 tamen
727 919 853 974 oper&
868 919 1100 976 junctisque
1120 919 1261 962 studiis
1294 921 1420 976 ipsius
1450 919 1588 974 verba,
1618 935 1776 978 quoquo

242 990 358 1032 modo
374 990 545 1048 prolata
563 1001 604 1033 et
622 1000 866 1045 commenta,
895 1008 977 1034 non
998 993 1053 1035 ita
1083 993 1262 1050 subpleri
1292 1002 1463 1049 potuere
1483 1002 1525 1036 et
1557 995 1777 1048 emendari,

245 1074 290 1107 ut
310 1065 471 1120 pulchri
489 1066 581 1107 inde
601 1070 881 1109 ‘enascerentur
900 1072 1036 1109 versus
1056 1067 1582 1125 aequabiliterquefluentes.
1631 1066 1777 1125 Itaque

245 1138 459 1194 legendum
483 1148 612 1194 puto:
647 1139 734 1182 Nec
755 1147 890 1182 tamen
909 1141 1089 1198 insignia
1117 1148 1206 1183 arce
1238 1140 1451 1196 (carmina)
1483 1141 1539 1184 sic
1567 1148 1684 1195 nata,
1713 1140 1777 1185 vel

245 1209 527 1268 potiusz'Nec
558 1221 695 1256 tamen
726 1214 894 1270 insignis
915 1213 1047 1272 fietus
1080 1215 1186 1257 artis
1220 1215 1324 1257 nati.
1355 1214 1558 1259 considere
1587 1213 1712 1257 simul
1739 1222 1779 1258 et

247 1286 409 1328 adlatos
440 1302 578 1329 secum
603 1288 795 1344 domique
815 1296 909 1344 post
928 1294 1154 1331 extremum
1175 1290 1388 1332 meditatos
1408 1303 1699 1344 congressum,·
1715 1287 1782 1333 vel

246 1361 407 1414 ibidem,
437 1361 479 1403 in
492 1361 610 1417 regi&
629 1371 670 1403 et
688 1377 795 1404 novo
815 1371 1030 1417 conventu,
1061 1370 1251 1418 repertos,
1282 1371 1537 1405 commentos
1546 1371 1598 1405 “et
1615 1363 1779 1418 esicogi-

248 1445 365 1488 tat03,
415 1450 548 1478 versus
582 1444 811 1478 conneccere
861 1444 940 1478 cet.
1001 1436 1088 1478 Hic
1137 1437 1321 1479 addenda
1359 1446 1421 1478 est
1459 1424 1778 1493 Bipontinorum

248 1509 467 1562 Editorum
488 1509 710 1552 sententia:
747 1510 884 1552 Locus
913 1510 1148 1566 'coi-ruptus,
1181 1526 1302 1567 quem
1335 1525 1466 1567 neque
1498 1509 1680 1566 LipsiuS,
1709 1519 1780 1553 aut

246 1583 459 1635 Muretus,
485 1599 617 1639 neque
637 1582 674 1625 I.
694 1584 743 1625 F.
764 1583 1107 1627 G1·0n.‘tentando
1128 1584 1400 1627 restituerunt.
1451 1583 1496 1626 Si
1508 1583 1624 1639 ‘legas
1642 1584 1780 1626 nobis-

246 1673 356 1710 cum,
384 1657 555 1700 necdum
574 1658 752 1715 insignia
773 1667 861 1701 arce
881 1658 1019 1701 conati
1048 1658 1253 1706 considere
1271 1658 1405 1711 simul,
1434 1659 1512 1701 &c.
1532 1666 1584 1707 *et
1610 1657 1779 1714 cogiteS,

244 1732 438 1774 Tacitum
457 1732 497 1773 h.
517 1731 545 1773 l.
566 1732 792 1774 describere
822 1731 940 1775 ludos
970 1733 1171 1789 poeticos,
1202 1749 1305 1790 quos
1339 1748 1433 1775 cum
1454 1731 1661 1774 sodalibus
1676 1720 1780 1774 fecit

246 1805 382 1858 Nero,
411 1814 455 1847 ut
475 1805 600 1848 allato
619 1821 735 1848 versu
768 1806 963 1862 reperiret
997 1806 1099 1849 alius
1129 1823 1237 1860 eum,
1267 1807 1338 1864 qui
1356 1806 1426 1848 illi
1456 1796 1776 1858 connecteretur,

246 1890 342 1924 cett.
374 1880 511 1923 omnia
530 1879 625 1922 satis
645 1879 763 1935 plana
784 1888 890 1922 sunt.

270 1988 272 1990 >
305 1955 350 1997 Si
371 1955 473 1996 inter
502 1962 564 1996 tot
583 1954 845 2010 peritissimos
872 1955 1053 1998 medicos
1082 1964 1124 1998 et
1155 1947 1255 1998 nfihi
1285 1955 1425 2014 liceret
1455 1947 1777 2013 qualemcunque

176 2030 179 2034 ’
242 2028 486 2072 medicinam
506 2027 600 2070 huic
621 2028 926 2084 corruptissimo
942 2029 1035 2071 loco
1055 2028 1338 2082 adhiberessic
1355 2029 1533 2086 legerem
1551 2046 1562 2073 z
1593 2016 1780 2073 cointrac-

244 2106 295 2148 tis
325 2103 470 2161 quibus
503 2103 645 2160 aliqua
672 2103 884 2160 pangendi
902 2102 1111 2161 faczdtas,
1141 2094 1333 2146 necdum
1362 2091 1536 2162 insignis
1572 2110 1647 2146 aut
1679 2102 1779 2145 satis

242 2186 357 2222 nota.
418 2177 540 2219 Levis
560 2177 626 2219 hic
645 2177 817 2219 mutatio
838 2186 914 2227 est,
945 2187 986 2220 et
1006 2178 1144 2221 ductui
1167 2178 1375 2220 literarum
1397 2177 1720 2220 accommodata.

305 2252 388 2294 Ore
410 2267 486 2294 meo
490 2252 643 2308 fluens.
705 2252 833 2293 Bene.
876 2251 971 2316 Nec
1005 2253 1317 2305 emendandum,
1353 2258 1399 2294 ut
1426 2251 1564 2308 placet
1585 2251 1777 2303 Ernesto,

226 2326 466 2382 fluentium.
1486 2374 1491 2386 ,
1811 2373 1814 2381 ,

302 2399 593 2457 Impartiebat.
627 2400 762 2442 MSS.
783 2399 901 2443 Harl.
919 2399 1043 2442 Bodl.
1064 2400 1092 2443 J
1096 2416 1153 2442 es.
1172 2408 1213 2442 et
1233 2400 1594 2448 editionesomnes
1609 2406 1776 2442 veteres.

243 2476 294 2518 In
313 2460 623 2525 recentioribus,
653 2470 928 2530 impertiebat.

304 2548 441 2606 thue
461 2580 471 2590 .
488 2579 498 2590 .
514 2581 523 2590 .
543 2548 755 2590 discordiae
790 2557 1036 2591 eruerentur.
1113 2548 1178 2591 Ita
1205 2547 1479 2592 Puteolanus.
1522 2547 1608 2591 Pro
1639 2554 1777 2605 utque,

239 2625 281 2666 in
301 2621 437 2666 MSS.
461 2620 582 2664 Harl.
603 2622 633 2665 J
636 2637 692 2665 es.
712 2630 846 2679 atque.
907 2609 979 2666 Sic
1000 2639 1164 2680 quoque
1184 2623 1445 2665 emendatum
1463 2621 1506 2665 in
1526 2621 1628 2665 MS.
1650 2620 1775 2666 Bodl.

238 2697 280 2739 in
310 2713 394 2754 quo
428 2696 562 2753 prima
592 2712 715 2738 manu
736 2696 950 2752 scriptum,
981 2704 1116 2755 utque.
1176 2696 1227 2739 In
1263 2695 1364 2749 MS.
1396 2691 1486 2740 Jes.
1514 2702 1751 2746 eruerentur
1761 2710 1777 2746 ,·

238 2770 380 2813 deinde
401 2772 660 2813 emendatum
690 2771 951 2819 eruebantur.
1012 2771 1082 2814 De
1113 2772 1192 2813 hoc
1219 2772 1345 2813 verbo
1377 2769 1598 2827 plurimum
1621 2769 1777 2812 variant

236 2844 343 2888 libri.
418 2835 520 2888 MS.
558 2843 671 2887 Flor.
703 2852 902 2888 rueretur.
964 2844 1066 2888 MS.
1104 2845 1215 2888 Bud.
1244 2846 1473 2906 merentur.
1537 2843 1640 2889 MS.
1665 2842 1775 2900 Reg.
