1858 3224
253 195 306 236 ⁸5
735 195 783 235 c,
811 195 1076 237 CORNELn
1101 198 1286 239 'rAcrrt
1464 229 1468 234 .
1490 205 1543 245 A.
1559 199 1780 248 lxm-865.

319 318 399 361 51.
423 310 537 359 Nnc
562 307 686 359 aliud
710 309 1009 359 Rhadamisto
1031 311 1283 362 subsidium
1303 311 1407 375 fuit,
1424 310 1567 382 quim
1588 318 1780 385 pernici·-

254 401 320 438 tas
337 403 584 453 equorum,
599 385 728 451 queis
751 403 891 451 seque
913 397 959 435 et
978 390 1223 454 conjugem
1237 392 1433 441 abstulit.
1464 394 1556 444 Sed
1573 396 1778 463 conjunx

252 465 457 534 gravida,
490 464 686 529 primam
721 474 972 528 utcumque
998 462 1157 530 fugam
1186 467 1247 514 ob
1282 479 1458 518 metum
1480 470 1711 533 hostilem,
1732 483 1779 522 et

253 542 403 592 mariti
423 542 673 599 caritatem,
705 541 925 589 toleravit.
992 542 1103 590 Post
1137 541 1420 594 festinatione
1442 547 1676 608 continua,
1698 548 1779 598 ubi

254 619 379 686 quati
402 630 576 677 uterus,
600 629 644 666 et
666 617 838 666 viscera
859 618 1112 678 vibrantur,
1135 637 1268 669 orare
1291 627 1325 650 “
1342 633 1393 672 ut
1413 635 1565 673 morte
1585 625 1778 675 honesta

255 702 290 726 “
323 695 610 746 contumeliis
627 695 889 759 captivitatis
911 695 1241 744 eximeretur.”
1274 698 1358 747 Ille
1379 697 1532 764 primo
1548 701 1779 768 amplecti,

198 774 200 779 ’
254 775 483 833 adlevare,
505 772 752 831 adhortari,
775 773 918 821 modo
942 773 1156 822 virtutem
1177 774 1422 834 admirans»,
1448 772 1593 826 modo
1614 778 1779 827 timore

254 869 398 919 aeger,
421 868 480 899 ne
498 850 599 915 quis
615 849 772 897 relicta
795 850 1031 914 potiretur.
1078 851 1338 912 Postremo,
1360 850 1574 903 violentia
1593 855 1780 915 amoris,

258 928 304 979 et
320 929 578 978 facinorum
599 943 695 974 non
718 927 861 986 rudis,
885 928 1121 994 destringit
1142 929 1389 990 acinacem,
1404 930 1780 996 vulneratamque

259 1008 405 1071 ripam
422 1006 481 1054 ad
504 1004 683 1053 Araxis
696 1007 708 1026 ¹
732 1004 885 1063 trahit,
909 1005 1084 1054 flumini
1107 1006 1259 1066 tradit,
1281 1023 1340 1055 ne
1356 1021 1524 1072 corpus
1545 1007 1681 1058 etiam
1701 1025 1779 1057 au-

258 1083 470 1132 ferretur.
518 1083 620 1146 Ipse
643 1098 850 1145 praeceps
866 1082 1022 1130 Iberos
1044 1082 1101 1130 ad
1124 1083 1320 1146 patrium
1343 1097 1540 1150 regnum
1556 1084 1776 1149 pervadit.

258 1160 446 1211 Interim
481 1158 733 1208 Zenobiam
763 1158 835 1222 (id
854 1157 1041 1207 mulieri
1063 1159 1258 1222 nomen)
1292 1158 1471 1225 placida
1497 1160 1671 1221 illuvie,
1691 1162 1779 1227 spi-

258 1249 455 1295 rantem,
490 1252 544 1282 ac
580 1233 684 1283 vitae
725 1232 1027 1292 manifestam,
1060 1233 1298 1285 advertere
1330 1248 1562 1301 pastores;
1597 1249 1644 1287 et
1681 1236 1779 1305 dig-

259 1315 396 1365 nitate
418 1312 583 1363 forrnae
610 1310 734 1358 haud
761 1311 1039 1377 degenerem
1069 1322 1348 1376 reputantes,
1370 1311 1575 1380 obligant
1594 1314 1780 1376 vulnus,

257 1391 452 1459 agrestia
473 1388 772 1438 medicamina
799 1388 1046 1448 adhibent3
1083 1389 1360 1454 cognitoque
1380 1391 1566 1441 nornine
1587 1387 1633 1441 et
1649 1407 1779 1451 casu,

257 1468 306 1517 in
339 1469 504 1516 urbem
526 1470 750 1515 Artaxata
784 1463 966 1512 ferunt:
1004 1465 1127 1512 unde
1153 1464 1336 1529 publica
1359 1465 1472 1516 curi
1490 1446 1689 1518 'deducta
1719 1468 1778 1519 ad

258 1546 513 1604 Tiridaten,
535 1542 817 1609 comiterque
835 1553 1042 1608 excepta,
1064 1542 1191 1590 cultu
1213 1542 1340 1608 regio
1362 1542 1512 1597 habita
1533 1555 1622 1596 est.

702 1782 764 1829 A.
790 1780 855 1829 U.
881 1781 939 1829 C.
964 1786 1074 1828 805.
1125 1740 1165 1829 J.
1191 1780 1249 1830 C.
1273 1786 1352 1828 52.

326 1944 407 1987 52.
440 1938 650 1986 FAusTo
682 1934 829 1995 Sulla,
864 1935 1017 1984 Salvio
1043 1935 1230 1983 Othone
1248 1936 1265 1958 ‘
1299 1932 1580 1994 consulibus,
1614 1934 1780 1998 Furius
1856 1988 1858 1991 ,

260 2014 584 2063 Scribonianus
604 2013 652 2061 in
675 2012 864 2074 exilium
884 2013 1052 2079 agitur,
1083 2012 1210 2077 quasi
1234 2017 1267 2040 “
1291 2013 1432 2061 finem
1453 2012 1674 2076 Principis
1695 2029 1780 2077 per

260 2096 295 2121 “
332 2091 577 2141 Chaldaeos
615 2102 894 2139 scrutaretur
910 2091 960 2137 :”
975 2087 985 2091 ’
1009 2090 1337 2147 adnectebatur
1379 2088 1556 2138 crimini
1593 2093 1626 2118 “
1648 2089 1781 2140 Junia

262 2174 298 2199 “
331 2180 478 2217 mater
511 2169 660 2234 ejus‚'’
707 2180 759 2216 ut
790 2173 822 2196 “
847 2167 981 2216 casus
1018 2167 1179 2231 prioris
1194 2167 1226 2190 ”
1265 2168 1396 2230 (nam
1430 2166 1630 2232 relegata
1661 2165 1782 2228 erat)
1834 2164 1839 2169 ’

259 2251 294 2275 “
326 2245 615 2310 impatiens.'’
681 2245 817 2294 Pater
849 2244 1131 2294 Scriboniani
1155 2243 1376 2293 Camillus
1399 2259 1525 2291 arma
1556 2259 1640 2307 per
1670 2242 1782 2291 Dal.

263 2324 449 2374 matiam
482 2333 702 2372 moverat.
720 2325 734 2350 ³
800 2323 946 2387 quue
979 2322 1038 2369 ad
1060 2320 1348 2369 clementiam
1379 2319 1585 2369 trahebat
1609 2321 1782 2381 Caesar,

320 2544 334 2563 ¹
367 2543 499 2595 Ripam
519 2543 569 2582 ad
585 2542 740 2580 Araris.
766 2545 913 2580 Araxes
938 2542 993 2579 di·
1062 2541 1172 2581 Sulla
1201 2541 1362 2578 Faustus
1379 2544 1416 2579 et
1439 2539 1483 2578 L.
1502 2538 1652 2578 Salvius
1677 2537 1784 2578 Otho

269 2597 371 2638 citur
389 2597 513 2643 hodie,
532 2597 654 2641 Aras,·
673 2596 719 2633 de
737 2608 814 2646 quo
831 2595 990 2642 Plinius,
1058 2595 1234 2633 Titianus
1249 2593 1490 2634 consulatum
1504 2591 1620 2632 iniere
1633 2592 1786 2633 A.U.c.

270 2666 330 2693 vl.
360 2657 399 2698 9.
428 2651 574 2690 Araxe-s
607 2650 728 2687 eodem
757 2654 891 2694 monte,
921 2663 991 2700 qtto
1063 2652 1153 2687 805.
1181 2647 1275 2686 J.C.
1294 2650 1358 2684 52.

269 2706 483 2756 Euphrates
511 2701 537 2741 6
563 2702 656 2742 mill.
677 2715 851 2755 passuum
879 2703 994 2740 inter·
1114 2698 1130 2722 ⁸
1146 2702 1264 2739 Arma
1280 2713 1348 2751 per
1361 2698 1590 2739 Dalmatiam
1606 2701 1784 2737 mverat.

269 2759 395 2798 vallo.-
435 2763 636 2809 auctusque
671 2769 774 2794 amne
808 2755 927 2801 Musi,
955 2761 991 2793 et
1039 2756 1124 2794 De
1155 2754 1227 2793 hac
1260 2752 1416 2792 Camilli
1459 2750 1694 2802 Scriboniani
1729 2761 1786 2789 re·

271 2814 349 2862 ipse
389 2815 458 2859 (ut
489 2811 618 2862 plures
651 2809 928 2855 existimavere)
968 2810 991 2846 ὰ
1061 2808 1223 2846 bellione
1252 2807 1387 2858 quinto
1412 2805 1473 2846 die
1495 2801 1675 2858 opressa.
1699 2803 1786 2843 dix‘-

273 2865 386 2917 Cywo,
419 2867 518 2910 Kur,
556 2862 726 2915 defertur
758 2863 797 2900 in
823 2860 993 2914 Caspium
1060 2862 1160 2953 itgus
1190 2861 1230 2899 in
1259 2859 1395 2911 Suppl.
1412 2861 1524 2898 Anna
1541 2886 1553 2898 .
1580 2862 1644 2896 nt.
1670 2859 1722 2897 35
1745 2864 1784 2900 et

272 2932 386 2958 mare.
427 2953 432 2955 μ
1060 2919 1085 2954 3
1114 2942 1127 2954 .

326 2968 345 2991 ²
371 2970 500 3019 Salvio
528 2969 684 3009 Othone.
725 2969 768 3009 P.
795 2967 993 3008 Cornelius
