1832 3230
221 148 299 184 422
620 143 783 190 NOTAE
815 142 880 182 ET
911 143 988 181 EM
997 143 1066 181 EN
1074 144 1349 184 DATIONES

282 243 356 285 Ita
388 243 542 286 divisis.
603 244 719 287 Bene
753 245 1016 287 Puteolanus.
1078 244 1127 287 In
1160 246 1335 289 editione
1370 247 1570 305 principe,
1584 246 1751 298 divisit.

225 316 378 360 Mallet
399 317 646 372 Gronovius,
668 319 818 362 divisae.

283 466 402 509 CAP.
424 473 494 511 55.
543 466 767 512 Trosobore
800 467 911 510 duce.
972 468 1221 511 Puteolanus
1255 475 1297 510 et
1343 467 1601 514 recentiores.
1649 466 1752 515 MS.

227 540 337 582 Flor.
363 541 605 584 meobore.
668 542 801 584 MSS.
823 542 956 584 Vatic.
979 544 1085 585 1863
1103 551 1144 584 et
1170 543 1290 585 1864.
1323 542 1579 593 Arosobore5
1608 541 1753 598 postea

225 616 499 667 emendatum,
520 616 769 657 Arosoboro.
801 615 903 657 MS.
917 616 1051 658 Vatic.
1075 622 1196 664 1958.
1230 615 1486 658 Araxobore.
1514 613 1567 657 In
1580 614 1756 666 editione

225 688 421 747 principe,
458 689 697 732 Areseboro.

285 762 346 804 Ec
366 763 594 819 oppidanis.
656 763 792 806 MSS.
814 772 854 805 et
873 763 996 806 editio
1015 763 1219 819 princeps.
1252 762 1371 806 Male
1394 761 1660 817 Puteolanus,
1690 777 1752 805 ac.

286 911 405 955 CAP.
427 913 496 954 56.
531 911 699 957 Navale
722 911 913 968 proelium
944 903 1183 954 adornatur.
1245 904 1470 964 Nonimlla,
1498 925 1589 967 quae
1607 909 1755 958 navale

223 984 303 1026 hoc
324 985 511 1039 praelium
531 985 731 1028 illustrent
750 987 872 1027 habet
893 985 1111 1027 Suetonius
1131 984 1171 1026 in
1194 984 1341 1027 Claud.
1364 999 1473 1027 xxi
1533 988 1559 1008 ‘⁴
1581 983 1694 1043 Quin
1712 991 1754 1026 et

223 1057 442 1100 emissurus
463 1059 666 1101 Fucinum
685 1058 834 1112 lacum,
866 1058 1146 1102 naumachiam
1166 1059 1256 1102 ante
1278 1057 1496 1101 commisit.
1556 1057 1639 1101 Sed
1651 1058 1754 1106 cum

223 1131 570 1188 proclamantibus
592 1132 930 1185 Naumachiaiiis,
960 1132 1050 1174 Ave
1084 1132 1328 1188 Imperator,
1357 1125 1544 1188 morituri
1575 1140 1616 1174 te
1641 1129 1755 1178 salu-

225 1214 323 1258 tant,
345 1205 636 1261 respondisset:
669 1206 801 1248 Avete
821 1221 917 1249 vos:
949 1221 1079 1262 neque
1100 1215 1192 1261 post
1211 1206 1314 1259 hanc
1329 1214 1486 1259 vocem,
1508 1205 1634 1262 quasi
1636 1204 1755 1250 venia

224 1281 334 1333 data,
366 1281 579 1337 quisquam
601 1281 794 1322 dimicare
814 1279 948 1333 vellet,
978 1279 1047 1321 diu
1068 1287 1292 1331 cunctatus,
1322 1280 1374 1321 an
1393 1294 1534 1321 omnes
1567 1277 1647 1335 igni
1676 1279 1756 1321 fer-

224 1371 351 1411 roque
373 1357 618 1405 absumeret,
649 1355 811 1395 tandem
842 1354 863 1396 ὲ
899 1355 992 1395 sede
1026 1369 1101 1395 sua
1129 1353 1338 1409 prosiluit.
1368 1368 1416 1394 ac
1445 1368 1519 1409 per
1550 1352 1755 1396 ambitum

205 1428 349 1481 iactis,
391 1445 472 1471 non
503 1429 588 1471 sine
628 1428 739 1470 foeda
776 1427 1045 1479 vacillatione,
1090 1429 1329 1479 discurrens,
1373 1425 1519 1482 partim
1548 1425 1754 1479 minando,

225 1503 373 1558 partim
395 1504 644 1545 adhortando
665 1503 716 1544 ad
736 1517 916 1557 pugnam
936 1500 1151 1557 compulit.
1212 1500 1312 1543 Hoc
1348 1499 1584 1556 spectaculo
1617 1499 1756 1545 classis

227 1576 366 1618 Sicula
401 1586 442 1619 et
475 1577 638 1618 Rhodia
665 1585 970 1626 concurrerunt,
1013 1576 1288 1631 duodenarum
1322 1573 1550 1616 triremium
1573 1573 1755 1629 singulte,

224 1650 408 1692 exciente
429 1650 605 1693 buccina
624 1650 798 1692 Tritone
816 1658 1022 1705 argenteo,
1043 1649 1111 1705 qui
1131 1650 1152 1691 ὲ
1172 1649 1308 1690 medio
1322 1647 1415 1691 lacu
1435 1663 1508 1705 per
1526 1647 1766 1710 machinans

224 1718 479 1766 emerserat.''
540 1724 610 1765 De
630 1740 800 1765 numero
821 1723 982 1764 navium
1004 1722 1120 1764 aliter
1141 1722 1241 1771 Dio,
1272 1737 1349 1764 Lx.
1380 1737 1423 1778 p.
1443 1721 1525 1769 687
1531 1753 1541 1775 .
1571 1722 1627 1766 ait
1645 1722 1754 1781 euim

224 1799 430 1855 utrimque
468 1797 623 1840 stetisse
663 1797 951 1853 quinquaginta
989 1812 1123 1839 naves.
1205 1801 1250 1839 Οἱ
1290 1798 1326 1838 δὲ
1345 1795 1386 1848 δή
1428 1781 1754 1854 νᾷυμαχήσαπες,
1795 1781 1798 1787 ”

222 1872 367 1928 θανάτῳ
387 1871 429 1923 δή
451 1870 801 1926 καταδεδικασμένοι
821 1870 928 1922 ἦσαν.
980 1872 1056 1912 Καὶ
1076 1870 1299 1923 πεντήκοντα
1317 1875 1402 1932 νᾳῢς
1436 1871 1601 1929 ἑκάτεροι
1634 1870 1754 1927 εἶχον,

224 1947 355 2001 οἱμὲν,
385 1946 532 1997 Ρόδιοι,
563 1950 595 1987 οἱ
626 1946 661 1987 δὲ
684 1946 834 1988 Σικελοι
866 1943 1135 2000 ὀνομασθέντες.
1193 1949 1220 1969 “
1242 1944 1405 1992 Quibus
1439 1945 1752 2001 depugnandum

224 2020 365 2076 praelio
395 2019 525 2061 navali
559 2019 651 2070 fuit,
682 2019 710 2060 ii
731 2028 862 2061 morte
895 2019 1069 2061 damnati
1097 2027 1220 2060 erant.
1281 2017 1482 2074 Utrinque
1500 2033 1625 2061 naves
1634 2017 1755 2085 quin-

223 2094 414 2150 quaginta
442 2094 676 2153 habebant:
710 2093 887 2147 partium
919 2092 1034 2134 alteri
1069 2092 1340 2145 Rhodiorum,
1370 2091 1486 2135 alteri
1520 2090 1754 2138 Siculorum

222 2167 397 2209 nomen!
401 2166 566 2208 'Certe
585 2166 618 2208 si
637 2166 724 2222 quis
746 2167 924 2208 attendat
957 2165 1203 2221 undeviginti
1222 2165 1433 2207 hominum
1453 2164 1583 2209 millia
1600 2173 1755 2217 armata

222 2241 360 2292 fuisse,
391 2241 499 2282 haud
518 2240 755 2282 diffitebitur
775 2240 912 2295 potius
932 2230 1056 2281 fuisse
1076 2239 1117 2280 in
1146 2239 1207 2281 his
1223 2238 1419 2282 classibus
1438 2247 1600 2281 centum
1620 2253 1753 2292 naves,

221 2314 347 2370 quarn
368 2314 506 2369 viginti
541 2322 727 2369 quatuor,
758 2321 804 2354 ut
835 2313 975 2355 scribit
1010 2313 1254 2356 Suetonius:
1286 2314 1358 2356 sed
1386 2313 1543 2359 videtur
1575 2313 1752 2370 majores

220 2388 377 2430 tantum
397 2387 648 2438 numerasse,
678 2386 835 2428 omissis
855 2386 1091 2429 minoribus.
1152 2386 1247 2428 Nec
1281 2382 1518 2429 crediderim
1542 2384 1753 2429 iti-Tacito

221 2462 532 2513 emendandum,
568 2460 769 2503 Claudius
788 2469 943 2503 centum
964 2461 1160 2513 triremes,
1192 2461 1302 2517 quod
1321 2459 1407 2511 vult
1427 2459 1625 2517 Lipsius„

223 2557 230 2578 ·.
285 2534 340 2576 Ut
358 2535 564 2592 quondam
585 2535 809 2591 Aug-ustus.
869 2533 1079 2576 Memoria
1107 2543 1225 2589 extat·
1241 2533 1282 2576 in
1299 2534 1752 2591 marmoreAncyrano,

220 2611 332 2666 quod
352 2609 698 2651 accuratissimum
719 2625 766 2650 ex
789 2607 857 2650 Cl.
880 2608 1023 2650 Pitton
1041 2609 1091 2649 de
1113 2608 1368 2651 Toumefort
1385 2606 1608 2664 exemplari
1627 2607 1753 2649 edidit

219 2683 287 2726 Cl.
309 2682 510 2735 Chishull,
531 2683 815 2739 Antiquitates
832 2682 1043 2735 Asiaticae,
1059 2698 1100 2738 p.
1128 2688 1220 2729 175.
1254 2680 1506 2730 NAvAnIs.
1539 2679 1748 2723 PRo'ELI.

220 2770 598 2799 SPECTACVLVM.
633 2770 864 2798 POPVLO.
898 2770 1054 2798 DEDI.
1100 2769 1303 2798 TRANs.
1348 2769 1621 2815 TIBERIM.
1668 2767 1748 2796 1N.

219 2845 347 2884 Qvo.
381 2825 542 2873 Loco.
578 2844 747 2873 NVNC.
782 2844 989 2872 NEMvs.
1037 2844 1154 2873 EST.
1198 2842 1524 2880 CAESARVM.
1566 2834 1746 2871 cAvAto
