1832 3230
242 156 321 197 546
645 155 805 195 NOTAE
836 155 902 194 ET
933 155 1376 197 EMENDATIONES

250 259 403 311 Lucili,
440 259 620 302 virorum
656 259 825 316 optime,
864 258 1114 302 audivimus:
1145 267 1187 302 et
1216 250 1380 317 quidem
1410 259 1554 302 diebus
1582 257 1784 303 hibernis:

250 351 353 392 quos
394 349 533 376 vacare
564 333 589 375 a
615 333 685 375 tali
714 333 898 389 periculo
934 334 1110 390 majores
1149 333 1281 375 nostri.
1311 332 1496 376 solebant
1524 332 1785 390 promittere.

254 408 399 467 Nonis!
422 407 654 450 Februariis
686 407 763 450 fuit
794 417 929 450 motus
959 407 1040 459 hic,
1073 407 1235 462 Regulo
1255 415 1296 449 et
1322 406 1509 463 Virginio
1538 406 1788 458 consulibus,

255 482 325 538 qui
346 481 617 538 Campaniam
637 497 862 538 numquam
884 497 1068 523 securam
1098 482 1218 538 hujus
1246 480 1356 533 mali,
1386 480 1624 524 indemnem
1637 489 1789 533 tanen,
1812 512 1816 521 .

255 565 295 598 et
316 556 464 598 totiens
483 558 713 598 defunctam
738 565 864 608 metu,
885 556 1036 611 magnai
1058 565 1189 610 strage
1209 543 1388 598 vastavit.
1429 553 1542 596 Nam
1564 563 1607 597 et
1623 553 1790 596 Hercu-

254 630 427 672 lanensis
458 630 600 686 oppidi
630 646 723 685 pars
753 629 844 681 ruit,
875 629 1079 686 dubieque
1099 638 1204 671 stant
1225 629 1348 671 etiam
1379 644 1470 685 quae
1499 627 1639 671 relicta
1657 628 1791 670 sunt?

258 704 324 745 Ex
346 704 407 746 his
429 705 594 746 Senecae
615 703 745 746 verbis
765 703 922 758 colligit
947 703 1114 759 Lipsius
1132 703 1329 745 Tacitum
1355 702 1501 744 misere
1521 701 1588 744 hic
1606 700 1793 744 luxatum

257 793 357 830 esse,
388 778 482 819 cum
517 777 813 833 Pompeiorum
844 777 958 819 ruina
988 785 1094 819 a'nno
1114 763 1312 832 sequenti,
1344 775 1508 831 Regulo
1537 784 1579 818 et
1598 774 1793 831 Verginio

201 878 203 880 ·
257 852 509 904 consulibus,
539 851 768 906 contigerit.
830 851 955 893 Forte
985 859 1119 899 tamen
1150 852 1234 892 sine
1263 850 1347 892 ullo
1377 849 1633 892 librariorum
1658 862 1794 893 errore

260 925 470 982 utriusque
505 925 712 981 scriptoris
750 925 927 967 narratio
967 933 1072 967 stare
1112 931 1259 980 potest.
1319 924 1494 966 Videtur
1530 922 1638 966 enim
1677 930 1794 966 terrae

261 1008 396 1042 motus
427 999 601 1054 coepisse
638 1007 812 1041 exeunte
846 1015 952 1041 anno
988 1005 1086 1041 815.
1138 998 1328 1051 Duravit,
1365 998 1527 1041 ineunte
1556 1013 1664 1040 anno
1696 998 1795 1040 816.

261 1073 448 1125 Tacitus,
483 1074 638 1129 majora
662 1074 776 1115 'anno
811 1073 993 1129 sequenti
1027 1081 1273 1123 narraturus,
1309 1069 1608 1128 Pompeiorum
1637 1071 1796 1115 minam

263 1163 358 1188 cum
380 1147 648 1189 terraemotus
668 1146 790 1188 initiis
811 1147 1040 1204 conjunxit.
1103 1145 1235 1188 Simili
1256 1149 1388 1202 strage
1409 1145 1582 1202 plurima
1603 1145 1804 1201 Europae‚·

262 1220 391 1271 Asiae,
413 1220 582 1273 Afrieae,
600 1229 719 1277 atque
741 1220 946 1263 Americae
967 1220 1059 1262 loca
1080 1219 1225 1262 vastari
1241 1219 1378 1262 multis
1394 1219 1544 1262 abhinc
1561 1209 1798 1262 anuisacci·

264 1294 414 1349 pimus.
476 1294 562 1335 Pro
589 1294 768 1349 proruit,
809 1294 1047 1337 Gronovius
1085 1293 1240 1344 mallet,
1281 1293 1476 1350 procidit.
1537 1291 1608 1336 De
1643 1282 1800 1350 majore

265 1367 566 1428 Pompeiorum
597 1376 638 1410 et
670 1367 990 1411 Herculanensis
1022 1368 1165 1425 oppidi
1194 1367 1309 1410 ruina
1332 1367 1521 1409 -dicemus
1548 1366 1663 1421 infra,
1702 1359 1819 1409 cum⁸

266 1441 354 1490 Titi
374 1457 437 1484 res
458 1441 725 1484 narrabimus.

325 1565 445 1608 CAP.
487 1572 557 1608 23.
589 1565 765 1609 Anm'um
775 1565 885 1624 fait.
915 1559 918 1562 ’
946 1565 1012 1608 Ita
1035 1565 1172 1608 MSS.
1194 1564 1305 1607 Flor.
1327 1565 1434 1621 Reg.
1453 1565 1582 1608 Corb.
1601 1564 1800 1608 editiones

266 1648 419 1682 veteres
448 1648 490 1681 et
501 1640 766 1700 recentiores.
829 1640 930 1683 Fuit
950 1642 1066 1682 abest
1086 1639 1110 1682 a
1132 1639 1270 1683 MSS.
1294 1640 1414 1683 Harl.
1435 1639 1562 1683 Bodl.
1579 1638 1669 1686 Jes.
1691 1639 1800 1690 Bud.

268 1713 413 1756 Guelf.
435 1722 476 1756 et
497 1714 686 1756 Rhenani
701 1714 959 1757 editionibus.

326 1787 510 1830 Actiaca
530 1787 754 1845 religionis.
793 1788 976 1831 It1MS
994 1787 1179 1844 Reg.1n
1198 1788 1409 1832 editione
1388 1805 1586 1846 principe,
1598 1789 1801 1836 Acczacae

268 1862 372 1905 MS.
394 1849 529 1904 Vatic.
552 1863 804 1920 Accicaeque.
856 1863 959 1905 MS.
982 1862 1093 1906 Flor.
1116 1863 1331 1906 Actiercae.
1363 1864 1464 1906 MS.
1486 1864 1651 1907 Fames.
1671 1863 1806 1906 Anci-

267 1944 358 1979 atae.
392 1935 494 1979 MS.
509 1936 640 1978 Coib.
655 1937 855 1980 Antiatae.
882 1937 985 1979 MS.
1002 1937 1105 1992 Agr.
1118 1937 1324 1980 Antiacae.
1354 1937 1456 1980 MS.
1474 1936 1617 1980 Guelf.
1631 1937 1806 1996 Atricae3

268 2010 448 2053 secund-21
469 2026 592 2052 manu
614 2010 812 2053 Actiacae.
875 2010 1127 2053 Puteolanus
1148 2019 1188 2053 et
1206 2011 1467 2069 recentiores,
1481 2010 1665 2059 Atticm
1698 2020 1743 2053 ut
1763 2019 1805 2054 et

269 2084 406 2130 MSS.
438 2083 561 2126 Harl.
595 2084 720 2126 Bodl.
750 2084 839 2127 Jes.
900 2084 951 2126 In
972 2085 1084 2127 tanta
1106 2086 1296 2128 varietate
1324 2085 1444 2148 effi,
1466 2085 1665 2140 Actium,
1691 2087 1805 2143 quod

267 2160 487 2213 probatum
503 2157 631 2213 magis
650 2158 870 2200 videbatur.
903 2158 1097 2201 Muretus
1113 2161 1358 2202 emendabat
1374 2159 1593 2204 Antianae:
1614 2159 1805 2218 Grotius,

268 2225 476 2285 Antiatis,
517 2231 713 2287 Ryckius,
750 2232 1011 2284 Antiatinae,·
1051 2234 1163 2289 quod
1202 2249 1366 2290 quoque
1402 2232 1804 2290 probabilissimum3

265 2305 481 2363 placetque
517 2306 756 2362 plurimum,
795 2307 828 2349 si
866 2310 1044 2363 probent
1084 2307 1156 2349 viri
1195 2307 1353 2350 eruditi.
1414 2308 1484 2353 Sic
1524 2305 1591 2350 Cl.
1615 2305 1804 2360 Gordon,

265 2384 291 2404 “
307 2395 331 2421 a
350 2379 503 2435 temple
523 2395 604 2422 was
624 2381 796 2422 decreed
816 2389 859 2422 to
882 2380 1118 2436 Fecundity,
1140 2381 1238 2423 with
1252 2381 1436 2424 Athletic
1455 2389 1590 2438 sports
1609 2380 1652 2424 in
1669 2380 1803 2424 imita-

265 2453 351 2496 tion
373 2454 423 2496 of
439 2453 556 2496 those
577 2454 710 2496 which
731 2470 839 2496 were
870 2453 1051 2511 peculiar
1080 2463 1124 2497 to
1143 2455 1358 2498 Antium.”
1418 2454 1606 2514 Murphy
1625 2470 1803 2512 quoque,

265 2530 294 2551 “
315 2542 339 2567 a
359 2526 514 2583 temple
533 2543 617 2591 uras
637 2529 757 2570 voted
779 2536 822 2570 to
843 2528 910 2570 the
932 2529 1105 2584 goddess
1137 2530 1186 2571 of
1216 2528 1447 2584 fecundity3
1477 2527 1643 2589 athletic
1673 2538 1806 2587 sporta

263 2615 372 2642 were
391 2600 602 2643 instituted
621 2617 674 2644 on
694 2602 761 2644 the
787 2602 928 2645 model
960 2604 1010 2644 of
1036 2603 1104 2647 the
1134 2603 1326 2659 religious
1357 2617 1496 2658 games
1530 2602 1732 2659 practised
1762 2610 1808 2647 at'

264 2673 479 2719 Antium.”

323 2747 597 2792 Locarentur.
659 2750 795 2793 MSS.
826 2749 939 2794 Flor.
971 2751 1077 2807 Reg.
1109 2751 1211 2807 Agr.
1239 2749 1377 2811 Corb.
1399 2718 1536 2810 editio
1539 2750 1734 2809 princeps
1760 2760 1802 2795 et

261 2822 519 2867 recentiores.
579 2823 629 2866 ln
661 2814 798 2867 MSS.
831 2823 951 2867 Harl.
986 2823 1228 2869 B0d1.Jes.
1259 2833 1300 2867 et
1331 2805 1618 2906 Puteolanus,
1629 2824 1809 2869 colloca-

261 2904 415 2940 rentur.
