1832 3230
1612 126 1627 145 x

270 177 347 213 518
417 187 427 199 ⁸
677 170 843 210 NOTAE
872 171 940 212 ET
968 170 1412 212 EMENDATIONES

329 287 409 328 que
429 272 600 314 Oceano
620 268 645 312 a
665 271 807 313 ceteris
825 271 1014 327 gentibus
1034 272 1238 329 disjuncti,
1271 283 1316 316 ut
1343 273 1441 316 alias
1466 282 1607 337 tems,
1626 273 1707 319 alio
1726 278 1803 319 sub

329 345 437 388 coelo
457 344 635 387 incolere
653 342 875 410 videamur,
889 360 1062 401 quorum
1085 361 1234 388 nomen
1248 340 1300 389 ne
1313 347 1618 403 sapientissimis
1636 348 1803 406 quidem

329 435 473 461 eorum
503 420 594 461 ante
625 419 835 474 cognitum
866 418 960 460 satis
992 419 1096 461 fuit:
1127 432 1238 462 nuno
1266 421 1466 464 contemti
1494 421 1804 480 conculcatique

329 509 469 536 sumus
486 496 536 536 ab
556 493 603 535 iis
621 493 866 544 hominibus,
887 493 957 550 qui
977 492 1076 535 nihil
1097 493 1205 535 aliud
1225 495 1384 546 norunt,
1406 494 1804 552 quamsnisriuhiare

326 568 463 610 lucris.
525 568 824 619 Quamobrem,
856 567 880 609 ὃ
910 567 1032 619 cives,
1072 567 1207 619 amici,
1241 577 1282 610 et
1315 564 1535 626 propinqui
1573 553 1689 622 (uam
1724 586 1801 626 ego

325 657 400 684 nos
416 657 571 694 omnes,
590 627 888 697 cumfeamdem
909 640 1081 684 insulam
1096 641 1340 695 habitemus,
1355 652 1396 685 et
1415 658 1637 687 commune
1650 659 1801 688 nomen

323 716 562 766 habeamus,
593 715 846 772 propinquos
882 721 1002 770 puto)
1033 731 1139 757 nunc
1170 717 1294 767 certe,
1325 717 1424 758 dum
1453 717 1586 760 adhuc
1606 708 1800 760 libertatis

323 790 524 832 memoria
541 798 738 845 superest,
759 796 997 844 praestemus
1018 789 1215 842 officium,
1245 791 1338 832 ante
1357 789 1613 845 neglectum;
1643 778 1701 834 ut
1717 802 1799 834 non

324 865 456 907 solum
477 863 675 916 libertatis
706 878 870 914 nomen,
896 864 967 904 sed
997 878 1082 904 rem
1104 878 1284 919 quoque,
1309 864 1482 919 posteris
1508 863 1798 923 relinquamus.

325 939 452 986 Quod
471 939 503 989 si
522 954 596 980 nos
615 936 834 987 felicitatis,
855 937 894 978 in
925 936 1006 992 qua
1030 952 1169 978 sumus
1189 936 1363 987 educati,
1395 953 1562 993 prorsus
1587 936 1800 985 oblivisca-

322 1029 428 1064 mur,
448 1012 545 1069 quid
566 1019 768 1067 postemS,
801 1010 957 1067 quippe
978 1010 1176 1052 enutritos
1205 1009 1246 1052 in
1277 1010 1485 1065 servitute,
1503 994 1684 1058 facturos
1709 1026 1797 1055 esse

321 1087 559 1142 speremus?
1378 1129 1381 1134 ,
1434 1139 1445 1142 v

379 1166 408 1185 “
429 1160 581 1216 Neque
610 1159 706 1200 vero
736 1144 823 1200 fiaec
858 1157 965 1210 dico,
995 1166 1041 1213 ut
1075 1166 1317 1214 praesentem
1351 1175 1486 1202 rerum
1520 1143 1803 1210 statumi,odio⁴

318 1234 501 1282 habentis
520 1233 678 1286 (odistis
707 1232 857 1287 enim);
889 1248 1020 1288 neque
1051 1241 1095 1273 ut
1125 1249 1186 1284 ea,
1217 1249 1320 1289 quae-
1337 1233 1456 1276 nobis
1473 1242 1666 1280 evenwra
1687 1242 1794 1286 sunt,

318 1307 507 1351 metuatis
526 1297 554 1358 ¹(
557 1309 646 1364 jam
682 1306 788 1348 enim
823 1305 1043 1361 metuitis):
1093 1308 1163 1348 sed
1191 1315 1242 1360 fut
1274 1322 1344 1349 vos
1380 1307 1566 1352 laudibus
1604 1307 1793 1365 afficiam,

294 1383 430 1439 ‚quod
459 1397 533 1438 per
563 1396 636 1423 vos
666 1380 744 1436 ipsi
772 1379 922 1430 omnia,
953 1395 1043 1436 quae
1070 1378 1296 1423 neeessaria
1326 1397 1412 1423 esse
1430 1381 1628 1435 videntur,
1657 1383 1793 1425 facere

316 1456 526 1499 statuatis:
559 1464 604 1497 ut
631 1444 776 1511 gratias
806 1469 936 1508 agam,
969 1453 1080 1510 quod
1102 1453 1199 1510 mihi
1227 1463 1349 1510 atque
1367 1455 1484 1499 vobis
1514 1454 1615 1511 ipsis
1637 1455 1794 1513 pnomti

315 1546 440 1586 opem
461 1529 612 1572 feratis.
671 1529 948 1584 Nequaquam
970 1528 1065 1569 vero
1096 1528 1304 1570 metuendi
1332 1528 1654 1574 vobis.Rommi
1670 1537 1790 1573 sunt:

313 1605 424 1661 quod
442 1620 573 1661 neque
593 1603 728 1659 plures
749 1611 842 1644 suut
855 1618 1038 1654 numero,
1061 1602 1190 1659 quam.
1205 1617 1295 1656 nos,
1314 1618 1390 1645 nec
1410 1588 1615 1647 foitiores.
1640 1602 1806 1660 ‚Argu-N

313 1688 454 1722 mento
474 1688 548 1729 est,
571 1677 682 1735 quod
711 1676 768 1719 illi
800 1676 939 1732 galeis,
972 1676 1221 1729 thoracibus,
1249 1676 1456 1720 tibialibus
1485 1675 1585 1720 tecti
1612 1686 1722 1734 suut,
1749 1685 1791 1719 et

310 1751 510 1810 praeterea
528 1751 655 1804 vallis,
687 1751 906 1803 moenibus,
937 1759 978 1791 et
1006 1749 1124 1806 fossis
1155 1750 1313 1803 muniti,
1343 1765 1394 1792 ne
1414 1749 1514 1806 quid
1539 1749 1714 1811 amplius
1738 1766 1788 1793 ex

312 1827 475 1870 incursu
494 1825 749 1882 hostilijpsis
765 1824 901 1866 damni
921 1823 1090 1866 accidat.
1153 1823 1322 1866 Malunt
1340 1824 1448 1883 ¹enim
1467 1823 1530 1867 his
1550 1823 1650 1881 ipsis
1666 1826 1789 1882 rebus

310 1901 371 1944 uti
391 1917 473 1957 prae
498 1899 728 1950 formidine,
748 1897 871 1954 quam
884 1896 1079 1954 'expedite
1101 1897 1213 1953 quid,
1241 1913 1355 1954 more
1375 1906 1532 1956 nostro,
1559 1897 1600 1941 in
1626 1898 1786 1947 hostem

308 1989 441 2030 agere.
503 1973 716 2015 Nimirum
755 1988 803 2014 ea
834 1970 1078 2013 fortitudinis
1117 1971 1363 2014 abundantia
1397 1971 1441 2013 in
1478 1971 1596 2015 nobis
1633 1979 1708 2029 est,
1742 1980 1788 2015 ut

309 2049 481 2093 tentoria
509 2056 646 2091 nostra
672 2047 797 2089 muris
823 2063 966 2089 eorum
987 2046 1149 2098 tutiora,
1170 2055 1212 2089 et
1230 2054 1344 2089 scuta
1363 2045 1476 2089 omni
1493 2061 1636 2089 eorum
1656 2062 1787 2095 arma-

307 2125 401 2167 turft
435 2123 596 2179 potiora
629 2128 833 2177 putemus.
894 2121 995 2168 Qua
1024 2136 1075 2162 ex
1105 2136 1163 2172 re,
1184 2120 1218 2162 si
1250 2136 1373 2176 penes
1403 2135 1483 2163 nos
1498 2119 1575 2165 erit
1601 2106 1784 2174 victoria,

306 2199 426 2240 facile
446 2213 517 2239 eos
536 2196 770 2252 capiemus:
802 2194 863 2236 sin
885 2194 924 2235 vi
945 2210 1019 2237 nos
1039 2194 1310 2250 propulerint,
1340 2194 1597 2250 effugiemus.
1655 2195 1799 2255 Quod-

306 2274 340 2316 si
355 2271 613 2315 statuerimus
634 2286 707 2317 nos
727 2268 864 2325 aliquo
885 2268 1077 2325 recipere,
1093 2269 1133 2310 in
1153 2268 1354 2326 ejusmodi
1375 2284 1449 2311 nos
1470 2267 1640 2326 paludes
1659 2269 1784 2312 abde-

304 2363 397 2389 mus
417 2355 459 2388 et
478 2353 650 2396 montes,
671 2353 717 2385 ut
737 2345 788 2385 ab
807 2343 856 2384 iis
877 2342 1047 2385 inveniri
1071 2351 1142 2385 aut
1160 2342 1254 2399 capi
1273 2357 1538 2399 nequeamus.
1596 2340 1666 2384 Illi
1685 2342 1782 2385 vero

304 2420 500 2476 gravitate
519 2421 725 2462 armorum
746 2416 947 2472 impediti,
974 2432 1106 2473 neque
1126 2416 1285 2473 insequi
1304 2431 1554 2474 quemquam
1572 2424 1781 2472 poterunt,

303 2509 435 2551 neque
473 2509 516 2535 se
554 2493 594 2534 in
629 2493 768 2547 fugam
800 2500 1052 2532 convertere.
1114 2490 1278 2538 Quibus
1309 2490 1351 2532 in
1381 2493 1500 2534 rebus
1523 2490 1621 2532 cum
1644 2489 1780 2534 multo

301 2568 421 2610 nobis
451 2567 661 2610 inferiores
693 2565 787 2616 sint,
820 2572 908 2607 tum
938 2565 1117 2607 maxime
1152 2565 1262 2621 quod
1293 2565 1461 2616 famem,
1485 2563 1610 2617 sitim,
1637 2562 1780 2620 ftiguS,

302 2641 482 2684 calorem
521 2641 700 2697 perferre
731 2638 947 2681 nobiscum
979 2654 1062 2680 non
1100 2646 1296 2694 possunt:
1329 2637 1492 2696 umhrfi,
1531 2645 1778 2697 tegumento,

299 2718 506 2758 frumento
546 2717 734 2766 subacto,
772 2713 882 2765 vino,
928 2712 1023 2755 oleo
1051 2712 1106 2754 ita
1137 2711 1331 2775 indigen&
1369 2720 1415 2754 ut
1441 2710 1478 2753 *si
1507 2710 1607 2768 quid
1622 2726 1776 2756 eorum

297 2790 475 2842 deficiat,
506 2798 686 2846 pereant.
745 2787 885 2830 Nobis
916 2795 1051 2830 autem
1087 2785 1244 2845 quaevis
1272 2787 1400 2841 herba
1431 2793 1475 2829 et
1504 2785 1640 2841 ηὼς,
1658 2785 1774 2831 cibus

297 2873 382 2908 est:
414 2863 586 2922 quilibet
605 2877 765 2916 succus,
795 2861 958 2909 oleum:
989 2860 1123 2905 omnis
1141 2877 1260 2919 aqua,
1292 2861 1453 2905 viuum:
1485 2859 1773 2916 omnismbor,
