1858 3224
216 179 296 216 328
709 171 756 209 c,
784 165 1050 208 CORNELn
1076 168 1262 209 TAcm
1449 173 1501 211 A.
1521 173 1571 212 U.
1589 172 1635 212 c.
1648 176 1752 220 ως.

214 284 252 307 “
286 274 438 341 Magis
467 271 675 339 dilargita
704 272 871 322 esset.''
940 270 1187 320 Acciderat
1219 271 1326 321 sane
1357 271 1521 338 pietate
1542 277 1746 327 Serviliae

214 354 288 418 (id
311 367 482 400 nomen
510 350 678 415 puellae
709 348 821 410 fuit)
845 366 968 412 quae,
995 347 1179 397 caritate
1200 366 1310 415 erga
1331 363 1587 414 parentem,
1607 353 1743 407 simul

216 426 523 494 imprudentia
558 426 716 483 aetatis,
752 441 848 472 non
883 436 1036 472 tamen
1070 425 1194 473 aliud
1229 428 1583 488 consultaverat,
1599 429 1745 495 quam

216 512 251 535 ‘⁶
286 508 344 554 de
379 503 688 552 incolumitate
722 501 910 561 domfiS‚
947 512 992 549 et
1023 517 1082 549 an
1110 503 1342 566 placabilis
1366 505 1516 564 Nero,
1543 522 1607 555 an
1635 523 1745 572 cog*

215 588 252 611 “
285 582 396 630 nitio
418 580 604 630 senatus
633 579 745 628 nihil
776 589 910 626 atrox
939 577 1192 626 adferret.''
1258 579 1403 645 Igitur
1434 581 1577 631 accita
1596 594 1666 632 est
1682 583 1746 632 in

215 671 444 720 senatum,
466 668 781 720 steteruntque
798 654 962 703 diversi
985 666 1088 703 ante
1109 655 1308 704 tribunal
1331 658 1594 718 consulum3
1608 675 1744 725 gran.

217 735 287 783 dis
308 753 409 784 aevo
431 749 611 799 parens,
634 744 793 781 contra
814 732 908 780 filia
933 731 1053 780 intra
1082 732 1350 782 vicesimum
1381 735 1524 784 aetatis
1547 751 1742 796 annum,

216 829 366 876 nuper
408 811 570 859 marito
609 811 766 858 Annio
800 810 1008 858 Pollione
1046 810 1094 857 in
1130 810 1319 859 exilium
1355 813 1524 878 pulso,'
1562 812 1747 862 viduata

217 890 540 953 desolataque3
577 905 643 936 ac
653 905 711 936 ne
741 899 919 953 patrem
941 886 1162 967 quidem
1149 899 1347 965 mtuens?
1369 892 1499 969 cujus
1528 889 1743 949 onerasse

215 966 416 1032 pericula
437 966 688 1018 videbatur.

283 1131 362 1171 31.
396 1125 521 1170 TUM
556 1121 864 1187 interrogante
893 1133 1174 1182 accusatore,
1207 1127 1243 1151 “
1265 1138 1324 1171 an
1353 1123 1504 1172 cultus
1531 1122 1743 1185 dotales,¹

216 1205 249 1238 -“
284 1217 342 1247 an
364 1200 619 1247 detractum
650 1199 814 1248 cervici
837 1200 1026 1259 monile,
1055 1216 1227 1248 venum
1249 1199 1462 1259 dedisset,
1484 1201 1581 1266 quo
1603 1218 1742 1266 pecu-

215 1282 250 1311 ⁵⁶
282 1277 405 1324 nia-m
447 1275 662 1325 faciendis
712 1277 902 1343 magicis
942 1278 1080 1326 sacris
1118 1277 1434 1326 contraheret.
1423 1277 1497 1313 ²⁹³
1531 1278 1740 1343 primum

212 1364 350 1402 strata
372 1353 519 1412 humi,
543 1355 777 1418 longoque
799 1354 909 1402 fletu
927 1365 972 1402 et
994 1354 1189 1412 silentio,
1211 1354 1344 1418 post,
1353 1354 1508 1403 altaria
1523 1365 1570 1404 et
1590 1358 1740 1416 πεπυ*

215 1432 486 1495 complexa:
524 1436 556 1459 ‘⁶
590 1431 804 1489 Nullos‚”
827 1431 990 1495 inquit,
1025 1436 1059 1458 “
1081 1431 1244 1494 impios
1266 1432 1412 1490 Deos,
1433 1431 1583 1480 nullas
1603 1432 1742 1481 devo-⁷

213 1514 248 1536 “
282 1508 444 1566 tiones,
473 1525 559 1555 nec
582 1508 706 1555 aliud
739 1507 995 1557 infelicibus
1024 1508 1237 1571 precibus
1266 1507 1491 1567 invocavi,
1514 1525 1675 1574 quam
1686 1521 1740 1559 ut

214 1589 248 1626 5‘.
282 1584 405 1632 hunc
437 1584 662 1648 optimum
685 1596 878 1647 patrem,
900 1595 969 1643 tu,
995 1586 1169 1643 Caesar,
1199 1602 1300 1644 vos,
1321 1597 1489 1650 patres,
1505 1587 1742 1636 servaretis

214 1667 248 1689 ‘⁶
282 1661 575 1709 incolumem.
645 1661 719 1710 Sic
743 1678 966 1727 gemmas,
989 1672 1034 1708 et
1055 1673 1219 1721 vestes,
1237 1673 1283 1709 et
1304 1662 1530 1728 dignitatis
1550 1662 1742 1731 insignia
1766 1686 1770 1701 ³

214 1744 246 1766 “
282 1738 403 1796 dedi,
451 1738 707 1802 quomodo,
746 1738 783 1786 si
826 1739 1094 1803 sanguinem
1144 1750 1190 1787 et
1232 1738 1372 1799 vitam
1414 1740 1740 1804 poposcissent.

214 1821 248 1843 ‘⁶
283 1815 491 1878 Viderint
512 1815 601 1872 isti,
624 1814 816 1863 antehac
848 1815 960 1862 mihi
993 1815 1155 1880 ignoti,
1177 1833 1272 1880 quo
1293 1816 1480 1866 nomine
1501 1816 1608 1877 sint,
1629 1833 1743 1882 quas

212 1897 246 1921 ‘⁶
280 1903 397 1940 artes
427 1904 698 1939 exerceant:
734 1893 862 1940 nulla
894 1893 1006 1940 mihi
1039 1893 1259 1956 Principis
1294 1893 1483 1952 mentio,
1505 1894 1590 1958 nisi
1621 1893 1741 1943 inter

212 1973 245 2013 ‘.‘
280 1969 468 2015 numina
510 1967 610 2016 fuit.
678 1968 838 2016 Nescit
883 1980 1036 2034 tamen
1081 1969 1362 2033 miserrimus
1410 1980 1566 2039 pater:
1613 1981 1660 2030 et
1702 1971 1755 2022 si,

212 2050 246 2073 ‘⁶
280 2045 454 2093 crimen
477 2056 561 2104 est,
584 2046 680 2094 sola
702 2045 916 2110 deliqui.”

278 2209 355 2251 32.
391 2202 696 2257 LOQUENTIS
735 2200 885 2251 adhuc
924 2202 1065 2256 verba
1103 2201 1273 2266 excipit
1311 2204 1532 2260 Soranus,
1560 2201 1737 2265 procla-

212 2288 395 2340 matque
416 2294 428 2324 ε
466 2282 499 2305 “
517 2294 612 2324 non
628 2277 753 2325 illam
769 2277 816 2325 in
839 2278 1119 2342 provinciam
1133 2281 1153 2307 ⁴
1168 2295 1324 2327 secum
1347 2277 1620 2343 profectam,
1641 2294 1738 2326 non

214 2359 245 2379 ‘⁴
276 2354 467 2421 Plauto>5
515 2371 598 2421 per
641 2365 823 2422 aetatem
871 2356 998 2421 nosci
1042 2355 1265 2420 potuisse;
1322 2371 1419 2419 non
1473 2354 1738 2419 criminibus

268 2586 280 2603 ¹
310 2587 339 2624 I
338 2601 361 2624 n
376 2586 522 2624 exilium
532 2588 652 2654 ΡιιῖεΛΟ.
677 2589 834 2638 Propter
851 2601 940 2635 con·
1063 2585 1077 2607 ³
1106 2588 1263 2631 Altaria
1278 2594 1316 2626 et
1333 2600 1452 2626 aram.
1486 2585 1643 2629 Veneris
1661 2586 1739 2624 Ge*
1762 2631 1766 2639 Χ

207 2641 453 2689 jurationem,
481 2641 528 2677 de
553 2641 632 2690 qual
659 2654 776 2692 supra
800 2643 938 2680 Annal.
1008 2642 1172 2688 natricis,
1199 2642 1238 2680 in
1257 2642 1370 2691 cujus
1388 2639 1530 2691 templo
1547 2648 1640 2677 tuuc
1658 2647 1738 2678 erat

214 2707 287 2732 xv.
332 2698 396 2736 71.
453 2695 525 2731 Sed
569 2694 752 2733 infamato
810 2696 938 2746 magis,
1009 2703 1172 2740 senatus,
1192 2702 1236 2733 ut
1252 2702 1357 2745 patet
1374 2707 1421 2731 ex
1441 2706 1512 2743 cap
1517 2697 1610 2735 ..27

214 2760 331 2798 quam
350 2747 538 2788 convicto
1063 2747 1082 2770 4
1109 2748 1223 2786 Illam
1250 2749 1288 2786 in
1311 2746 1552 2798 provinciam.
1581 2744 1737 2784 Procla-

267 2797 283 2814 ²
323 2801 386 2837 An
420 2801 542 2839 cultus
574 2803 726 2840 dotales.
774 2803 836 2840 An
873 2815 941 2853 pro
1012 2810 1090 2839 mat
1116 2802 1310 2839 Serviliam
1339 2812 1414 2837 non
1440 2812 1568 2837 secum
1591 2797 1738 2850 profec-

213 2865 347 2898 amwn,
381 2862 425 2891 ut
448 2855 531 2902 jam
559 2857 799 2908 observatum
827 2869 942 2907 supra
1013 2865 1089 2894 tam
1109 2868 1240 2893 essem
1261 2854 1406 2892 Asiam.

216 2907 354 2964 Annal.
375 2919 432 2945 IV.
451 2912 515 2947 35.
886 2947 889 2950 ,
1066 2908 1079 2937 ⁵-
1111 2909 1261 2947 Plauto.
1290 2906 1469 2946 Rubellio
1486 2905 1645 2962 Plauto
