<?xml version="1.0" encoding="UTF-8"?>
<!DOCTYPE html PUBLIC "-//W3C//DTD XHTML 1.0 Transitional//EN"
    "http://www.w3.org/TR/xhtml1/DTD/xhtml1-transitional.dtd">
<html xmlns="http://www.w3.org/1999/xhtml" xml:lang="en" lang="en">
 <head>
  <title>
</title>
<meta http-equiv="Content-Type" content="text/html;charset=utf-8" />
  <meta name='ocr-system' content='tesseract 3.04.00' />
  <meta name='ocr-capabilities' content='ocr_page ocr_carea ocr_par ocr_line ocrx_word'/>
</head>
<body>
  <div class='ocr_page' id='page_1' title='image "./operarecognovite02taciuoft/operarecognovite02taciuoft_0345.png"; bbox 0 0 1858 3224; ppageno 0'>
   <div class='ocr_carea' id='block_1_1' title="bbox 16 143 1649 302">
    <p class='ocr_par' dir='ltr' id='par_1_1' title="bbox 16 143 1649 302">
     <span class='ocr_line' id='line_1_1' title="bbox 329 143 1649 196; baseline -0.003 -9"><span class='ocrx_word' id='word_1_1' title='bbox 329 171 334 176; x_wconf 75' lang='lat'><em>,</em></span> <span class='ocrx_word' id='word_1_2' title='bbox 384 147 464 186; x_wconf 79' lang='lat' dir='ltr'><strong>AD</strong></span> <span class='ocrx_word' id='word_1_3' title='bbox 495 145 599 184; x_wconf 84' lang='lat' dir='ltr'><strong>LIB.</strong></span> <span class='ocrx_word' id='word_1_4' title='bbox 627 143 702 183; x_wconf 83' lang='lat' dir='ltr'><strong>XI.</strong></span> <span class='ocrx_word' id='word_1_5' title='bbox 729 143 866 182; x_wconf 82' lang='lat' dir='ltr'><strong>ANN·</strong></span> <span class='ocrx_word' id='word_1_6' title='bbox 898 144 929 182; x_wconf 92' lang='lat' dir='ltr'>C</span> <span class='ocrx_word' id='word_1_7' title='bbox 974 143 1142 185; x_wconf 87' lang='lat' dir='ltr'><strong>CORN.</strong></span> <span class='ocrx_word' id='word_1_8' title='bbox 1169 143 1371 187; x_wconf 81' lang='lat' dir='ltr'><strong>TACITI.</strong></span> <span class='ocrx_word' id='word_1_9' title='bbox 1570 155 1649 196; x_wconf 80' lang='lat'><strong>337</strong></span> 
     </span>
     <span class='ocr_line' id='line_1_2' title="bbox 16 249 897 302; baseline -0.015 -3"><span class='ocrx_word' id='word_1_10' title='bbox 16 288 19 289; x_wconf 22' lang='grc' dir='ltr'><em>ν</em></span> <span class='ocrx_word' id='word_1_11' title='bbox 88 249 524 302; x_wconf 58' lang='grc' dir='ltr'><strong>Ὺὶὼεῡῒκῦωῐετιιω,</strong></span> <span class='ocrx_word' id='word_1_12' title='bbox 557 260 759 290; x_wconf 76' lang='lat' dir='ltr'><strong>anxn.</strong></span> <span class='ocrx_word' id='word_1_13' title='bbox 790 261 831 287; x_wconf 88' lang='lat' dir='ltr'><strong>n.</strong></span> <span class='ocrx_word' id='word_1_14' title='bbox 852 250 897 288; x_wconf 84' lang='lat'><strong>3.</strong></span> 
     </span>
    </p>
   </div>
   <div class='ocr_carea' id='block_1_2' title="bbox 639 373 1091 403">
    <p class='ocr_par' dir='ltr' id='par_1_2' title="bbox 639 373 1091 403">
     <span class='ocr_line' id='line_1_3' title="bbox 639 373 1091 403; baseline -0.002 -2"><span class='ocrx_word' id='word_1_15' title='bbox 639 374 737 402; x_wconf 82' lang='lat' dir='ltr'><strong>EM.</strong></span> <span class='ocrx_word' id='word_1_16' title='bbox 781 373 870 401; x_wconf 77' lang='lat' dir='ltr'><strong>AL.</strong></span> <span class='ocrx_word' id='word_1_17' title='bbox 917 373 1091 403; x_wconf 78' lang='lat' dir='ltr'><strong>PETR.</strong></span> 
     </span>
    </p>
   </div>
   <div class='ocr_carea' id='block_1_3' title="bbox 59 472 1644 1207">
    <p class='ocr_par' dir='ltr' id='par_1_3' title="bbox 59 472 799 528">
     <span class='ocr_line' id='line_1_4' title="bbox 59 472 799 528; baseline -0.008 -8"><span class='ocrx_word' id='word_1_18' title='bbox 59 472 142 519; x_wconf 60' lang='lat' dir='ltr'><strong>&#39;ld</strong></span> <span class='ocrx_word' id='word_1_19' title='bbox 155 483 234 528; x_wconf 71' lang='lat' dir='ltr'><strong>ent,</strong></span> <span class='ocrx_word' id='word_1_20' title='bbox 265 474 480 518; x_wconf 72' lang='lat' dir='ltr'><strong>Emer-itus</strong></span> <span class='ocrx_word' id='word_1_21' title='bbox 499 473 576 517; x_wconf 79' lang='lat' dir='ltr'><strong>ala:</strong></span> <span class='ocrx_word' id='word_1_22' title='bbox 598 472 799 516; x_wconf 70' lang='lat' dir='ltr'><strong>Petrina.</strong></span> 
     </span>
    </p>

    <p class='ocr_par' dir='ltr' id='par_1_4' title="bbox 84 547 1644 905">
     <span class='ocr_line' id='line_1_5' title="bbox 128 547 1644 611; baseline -0.002 -18"><span class='ocrx_word' id='word_1_23' title='bbox 128 575 131 578; x_wconf 47' lang='lat'><strong>⁴</strong></span> <span class='ocrx_word' id='word_1_24' title='bbox 152 548 316 593; x_wconf 78' lang='lat' dir='ltr'><strong>Valerii</strong></span> <span class='ocrx_word' id='word_1_25' title='bbox 331 556 373 592; x_wconf 83' lang='lat' dir='ltr'><strong>et</strong></span> <span class='ocrx_word' id='word_1_26' title='bbox 395 548 600 606; x_wconf 76' lang='lat' dir='ltr'><strong>Poppoeae.</strong></span> <span class='ocrx_word' id='word_1_27' title='bbox 661 547 726 590; x_wconf 87' lang='lat' dir='ltr'><strong>Ita</strong></span> <span class='ocrx_word' id='word_1_28' title='bbox 748 547 886 590; x_wconf 85' lang='lat' dir='ltr'>MSS.</span> <span class='ocrx_word' id='word_1_29' title='bbox 910 547 1032 590; x_wconf 83' lang='lat' dir='ltr'>Harl.</span> <span class='ocrx_word' id='word_1_30' title='bbox 1062 547 1187 591; x_wconf 87' lang='lat' dir='ltr'><strong>Bodl.</strong></span> <span class='ocrx_word' id='word_1_31' title='bbox 1218 549 1307 593; x_wconf 89' lang='lat' dir='ltr'><strong>Jes.</strong></span> <span class='ocrx_word' id='word_1_32' title='bbox 1334 551 1481 595; x_wconf 88' lang='lat' dir='ltr'><strong>Guelf.</strong></span> <span class='ocrx_word' id='word_1_33' title='bbox 1500 563 1542 611; x_wconf 85' lang='lat' dir='ltr'><strong>et</strong></span> <span class='ocrx_word' id='word_1_34' title='bbox 1561 557 1644 598; x_wconf 86' lang='lat' dir='ltr'><strong>edi..</strong></span> 
     </span>
     <span class='ocr_line' id='line_1_6' title="bbox 84 620 1643 686; baseline 0.001 -17"><span class='ocrx_word' id='word_1_35' title='bbox 84 625 222 669; x_wconf 80' lang='lat' dir='ltr'><strong>tiones</strong></span> <span class='ocrx_word' id='word_1_36' title='bbox 243 639 387 668; x_wconf 88' lang='lat' dir='ltr'><strong>omnes</strong></span> <span class='ocrx_word' id='word_1_37' title='bbox 408 632 576 668; x_wconf 82' lang='lat' dir='ltr'><strong>veteres.</strong></span> <span class='ocrx_word' id='word_1_38' title='bbox 638 620 847 665; x_wconf 71' lang='lat' dir='ltr'><strong>Mendose</strong></span> <span class='ocrx_word' id='word_1_39' title='bbox 868 623 910 664; x_wconf 90' lang='lat' dir='ltr'><strong>in</strong></span> <span class='ocrx_word' id='word_1_40' title='bbox 945 622 1048 664; x_wconf 87' lang='lat' dir='ltr'><strong>MS.</strong></span> <span class='ocrx_word' id='word_1_41' title='bbox 1071 622 1177 679; x_wconf 84' lang='lat' dir='ltr'><strong>Reg.</strong></span> <span class='ocrx_word' id='word_1_42' title='bbox 1204 623 1245 665; x_wconf 88' lang='lat' dir='ltr'><em>V</em></span> <span class='ocrx_word' id='word_1_43' title='bbox 1243 626 1379 668; x_wconf 80' lang='lat' dir='ltr'><strong>esteris</strong></span> <span class='ocrx_word' id='word_1_44' title='bbox 1391 642 1405 675; x_wconf 90' lang='grc'><strong>,·</strong></span> <span class='ocrx_word' id='word_1_45' title='bbox 1436 637 1477 669; x_wconf 87' lang='lat' dir='ltr'><strong>et</strong></span> <span class='ocrx_word' id='word_1_46' title='bbox 1495 629 1535 670; x_wconf 92' lang='lat' dir='ltr'><strong>in</strong></span> <span class='ocrx_word' id='word_1_47' title='bbox 1555 630 1643 686; x_wconf 93' lang='lat' dir='ltr'><strong>qui-</strong></span> 
     </span>
     <span class='ocr_line' id='line_1_7' title="bbox 88 696 1644 754; baseline 0.002 -11"><span class='ocrx_word' id='word_1_48' title='bbox 88 701 265 743; x_wconf 84' lang='lat' dir='ltr'><strong>busdam</strong></span> <span class='ocrx_word' id='word_1_49' title='bbox 297 698 386 741; x_wconf 85' lang='lat' dir='ltr'><strong>aliis</strong></span> <span class='ocrx_word' id='word_1_50' title='bbox 419 697 581 754; x_wconf 82' lang='lat' dir='ltr'><strong>scriptis</strong></span> <span class='ocrx_word' id='word_1_51' title='bbox 628 697 742 740; x_wconf 87' lang='lat' dir='ltr'><strong>libris</strong></span> <span class='ocrx_word' id='word_1_52' title='bbox 794 696 1002 740; x_wconf 82' lang='lat' dir='ltr'><strong>Nesteris:</strong></span> <span class='ocrx_word' id='word_1_53' title='bbox 1053 699 1160 740; x_wconf 86' lang='lat' dir='ltr'><strong>unde</strong></span> <span class='ocrx_word' id='word_1_54' title='bbox 1209 698 1328 741; x_wconf 90' lang='lat' dir='ltr'><strong>multi</strong></span> <span class='ocrx_word' id='word_1_55' title='bbox 1377 704 1644 746; x_wconf 85' lang='lat' dir='ltr'><strong>emendavere</strong></span> 
     </span>
     <span class='ocr_line' id='line_1_8' title="bbox 91 760 1642 830; baseline 0.001 -13"><span class='ocrx_word' id='word_1_56' title='bbox 91 760 328 817; x_wconf 72' lang='lat' dir='ltr'><strong>Mtiesteris.</strong></span> <span class='ocrx_word' id='word_1_57' title='bbox 386 771 448 815; x_wconf 92' lang='lat' dir='ltr'><strong>At</strong></span> <span class='ocrx_word' id='word_1_58' title='bbox 478 772 544 814; x_wconf 71' lang='lat' dir='ltr'><strong>hic</strong></span> <span class='ocrx_word' id='word_1_59' title='bbox 575 773 626 814; x_wconf 91' lang='lat' dir='ltr'><strong>de</strong></span> <span class='ocrx_word' id='word_1_60' title='bbox 662 771 862 827; x_wconf 83' lang='lat' dir='ltr'><strong>Poppaeae</strong></span> <span class='ocrx_word' id='word_1_61' title='bbox 897 781 938 813; x_wconf 89' lang='lat' dir='ltr'><strong>et</strong></span> <span class='ocrx_word' id='word_1_62' title='bbox 973 771 1140 826; x_wconf 87' lang='lat' dir='ltr'><strong>Valerii,</strong></span> <span class='ocrx_word' id='word_1_63' title='bbox 1171 788 1253 815; x_wconf 86' lang='lat' dir='ltr'><strong>non</strong></span> <span class='ocrx_word' id='word_1_64' title='bbox 1283 775 1380 816; x_wconf 70' lang='lat' dir='ltr'><strong>verb</strong></span> <span class='ocrx_word' id='word_1_65' title='bbox 1402 774 1642 830; x_wconf 82' lang='lat' dir='ltr'>Mnesteris,</span> 
     </span>
     <span class='ocr_line' id='line_1_9' title="bbox 88 846 540 905; baseline -0.015 -10"><span class='ocrx_word' id='word_1_66' title='bbox 88 847 383 905; x_wconf 70' lang='lat' dir='ltr'>congressibus</span> <span class='ocrx_word' id='word_1_67' title='bbox 394 846 540 902; x_wconf 82' lang='lat' dir='ltr'><strong>agitur.</strong></span> 
     </span>
    </p>

    <p class='ocr_par' dir='ltr' id='par_1_5' title="bbox 80 919 1642 1207">
     <span class='ocr_line' id='line_1_10' title="bbox 119 919 1642 973; baseline 0.002 -6"><span class='ocrx_word' id='word_1_68' title='bbox 119 922 421 973; x_wconf 44' lang='lat' dir='ltr'><strong>{Gravitatem</strong></span> <span class='ocrx_word' id='word_1_69' title='bbox 457 936 648 964; x_wconf 68' lang='lat' dir='ltr'><strong>annones.</strong></span> <span class='ocrx_word' id='word_1_70' title='bbox 707 919 881 962; x_wconf 81' lang='lat' dir='ltr'>Ursinus</span> <span class='ocrx_word' id='word_1_71' title='bbox 914 929 957 963; x_wconf 91' lang='lat' dir='ltr'><strong>et</strong></span> <span class='ocrx_word' id='word_1_72' title='bbox 997 921 1192 964; x_wconf 85' lang='lat' dir='ltr'><strong>Muretus</strong></span> <span class='ocrx_word' id='word_1_73' title='bbox 1226 923 1395 967; x_wconf 84' lang='lat' dir='ltr'><strong>mallent</strong></span> <span class='ocrx_word' id='word_1_74' title='bbox 1428 927 1642 970; x_wconf 77' lang='lat' dir='ltr'><strong>caritatem</strong></span> 
     </span>
     <span class='ocr_line' id='line_1_11' title="bbox 89 995 1641 1054; baseline 0.001 -12"><span class='ocrx_word' id='word_1_75' title='bbox 89 1013 290 1050; x_wconf 54' lang='lat' dir='ltr'><strong>annonem</strong></span> <span class='ocrx_word' id='word_1_76' title='bbox 333 997 474 1054; x_wconf 87' lang='lat' dir='ltr'><strong>sicque</strong></span> <span class='ocrx_word' id='word_1_77' title='bbox 507 996 658 1052; x_wconf 84' lang='lat' dir='ltr'><strong>legitur</strong></span> <span class='ocrx_word' id='word_1_78' title='bbox 690 995 730 1036; x_wconf 87' lang='lat' dir='ltr'><strong>iu</strong></span> <span class='ocrx_word' id='word_1_79' title='bbox 770 995 875 1038; x_wconf 87' lang='lat' dir='ltr'><strong>MS.</strong></span> <span class='ocrx_word' id='word_1_80' title='bbox 913 996 1018 1052; x_wconf 83' lang='lat' dir='ltr'><strong>Reg.</strong></span> <span class='ocrx_word' id='word_1_81' title='bbox 1079 996 1200 1039; x_wconf 90' lang='lat' dir='ltr'><strong>Nihil</strong></span> <span class='ocrx_word' id='word_1_82' title='bbox 1233 1008 1368 1042; x_wconf 86' lang='lat' dir='ltr'><strong>tamen</strong></span> <span class='ocrx_word' id='word_1_83' title='bbox 1400 1002 1641 1043; x_wconf 80' lang='lat' dir='ltr'><strong>mutaverim</strong></span> 
     </span>
     <span class='ocr_line' id='line_1_12' title="bbox 89 1070 1640 1131; baseline 0.001 -15"><span class='ocrx_word' id='word_1_84' title='bbox 89 1082 261 1131; x_wconf 86' lang='lat' dir='ltr'><strong>propter</strong></span> <span class='ocrx_word' id='word_1_85' title='bbox 280 1081 514 1118; x_wconf 84' lang='lat' dir='ltr'><strong>ceterorum</strong></span> <span class='ocrx_word' id='word_1_86' title='bbox 542 1070 744 1114; x_wconf 82' lang='lat' dir='ltr'><strong>librorum</strong></span> <span class='ocrx_word' id='word_1_87' title='bbox 780 1085 1040 1125; x_wconf 86' lang='lat' dir='ltr'><strong>consensum,</strong></span> <span class='ocrx_word' id='word_1_88' title='bbox 1072 1081 1112 1114; x_wconf 89' lang='lat' dir='ltr'><strong>et</strong></span> <span class='ocrx_word' id='word_1_89' title='bbox 1132 1087 1277 1115; x_wconf 85' lang='lat' dir='ltr'><strong>vocem</strong></span> <span class='ocrx_word' id='word_1_90' title='bbox 1298 1074 1448 1117; x_wconf 87' lang='lat' dir='ltr'><strong>Annal.</strong></span> <span class='ocrx_word' id='word_1_91' title='bbox 1470 1090 1534 1117; x_wconf 80' lang='lat' dir='ltr'><strong>vi.</strong></span> <span class='ocrx_word' id='word_1_92' title='bbox 1576 1082 1640 1118; x_wconf 87' lang='grc'><strong>13.</strong></span> 
     </span>
     <span class='ocr_line' id='line_1_13' title="bbox 80 1148 441 1207; baseline -0.008 -16"><span class='ocrx_word' id='word_1_93' title='bbox 80 1148 172 1207; x_wconf 68' lang='lat' dir='ltr'><strong>jam</strong></span> <span class='ocrx_word' id='word_1_94' title='bbox 192 1156 441 1205; x_wconf 81' lang='lat' dir='ltr'><strong>usurpatam.</strong></span> 
     </span>
    </p>
   </div>
   <div class='ocr_carea' id='block_1_4' title="bbox 87 1303 1639 1512">
    <p class='ocr_par' dir='ltr' id='par_1_6' title="bbox 87 1303 1639 1512">
     <span class='ocr_line' id='line_1_14' title="bbox 147 1303 1639 1362; baseline 0.001 -14"><span class='ocrx_word' id='word_1_95' title='bbox 147 1303 269 1349; x_wconf 73' lang='lat' dir='ltr'><strong>CAP.</strong></span> <span class='ocrx_word' id='word_1_96' title='bbox 289 1310 331 1346; x_wconf 88' lang='lat'><strong>5.</strong></span> <span class='ocrx_word' id='word_1_97' title='bbox 363 1303 596 1362; x_wconf 80' lang='lat' dir='ltr'><strong><em>Legemque</em></strong></span> <span class='ocrx_word' id='word_1_98' title='bbox 626 1303 830 1347; x_wconf 77' lang='lat' dir='ltr'><em>Cinciam.</em></span> <span class='ocrx_word' id='word_1_99' title='bbox 893 1303 1079 1348; x_wconf 62' lang='lat' dir='ltr'><strong>Pessime}</strong></span> <span class='ocrx_word' id='word_1_100' title='bbox 1115 1305 1156 1347; x_wconf 91' lang='lat' dir='ltr'><strong>in</strong></span> <span class='ocrx_word' id='word_1_101' title='bbox 1191 1305 1330 1348; x_wconf 88' lang='lat' dir='ltr'><strong>MSS.</strong></span> <span class='ocrx_word' id='word_1_102' title='bbox 1362 1316 1403 1348; x_wconf 90' lang='lat' dir='ltr'><strong>et</strong></span> <span class='ocrx_word' id='word_1_103' title='bbox 1435 1307 1639 1350; x_wconf 85' lang='lat' dir='ltr'><strong>veteribus</strong></span> 
     </span>
     <span class='ocr_line' id='line_1_15' title="bbox 87 1374 1636 1438; baseline 0.001 -16"><span class='ocrx_word' id='word_1_104' title='bbox 87 1377 336 1422; x_wconf 80' lang='lat' dir='ltr'>editionibus</span> <span class='ocrx_word' id='word_1_105' title='bbox 366 1378 573 1438; x_wconf 79' lang='lat' dir='ltr'><em>legemque</em></span> <span class='ocrx_word' id='word_1_106' title='bbox 607 1374 782 1422; x_wconf 79' lang='lat' dir='ltr'><strong>Titiam.</strong></span> <span class='ocrx_word' id='word_1_107' title='bbox 847 1378 1037 1423; x_wconf 78' lang='lat' dir='ltr'><strong><em>Cinciam</em></strong></span> <span class='ocrx_word' id='word_1_108' title='bbox 1072 1378 1236 1437; x_wconf 71' lang='lat' dir='ltr'><strong>egregie</strong></span> <span class='ocrx_word' id='word_1_109' title='bbox 1280 1381 1510 1424; x_wconf 86' lang='lat' dir='ltr'>emendavit</span> <span class='ocrx_word' id='word_1_110' title='bbox 1542 1382 1636 1426; x_wconf 83' lang='lat' dir='ltr'><strong>Jac.</strong></span> 
     </span>
     <span class='ocr_line' id='line_1_16' title="bbox 90 1453 699 1512; baseline 0.002 -15"><span class='ocrx_word' id='word_1_111' title='bbox 90 1453 300 1512; x_wconf 76' lang='lat' dir='ltr'><strong>Cujacius,</strong></span> <span class='ocrx_word' id='word_1_112' title='bbox 331 1453 508 1498; x_wconf 75' lang='lat' dir='ltr'><strong>observ.</strong></span> <span class='ocrx_word' id='word_1_113' title='bbox 530 1469 596 1496; x_wconf 79' lang='lat' dir='ltr'><strong>vr.</strong></span> <span class='ocrx_word' id='word_1_114' title='bbox 634 1460 699 1498; x_wconf 82' lang='lat'><strong>18.</strong></span> 
     </span>
    </p>
   </div>
   <div class='ocr_carea' id='block_1_5' title="bbox 71 1598 1638 2253">
    <p class='ocr_par' dir='ltr' id='par_1_7' title="bbox 71 1598 1637 1743">
     <span class='ocr_line' id='line_1_17' title="bbox 103 1598 1637 1670; baseline 0.003 -17"><span class='ocrx_word' id='word_1_115' title='bbox 103 1598 113 1659; x_wconf 15' lang='grc' dir='ltr'><em>Ἀ</em></span> <span class='ocrx_word' id='word_1_116' title='bbox 147 1608 270 1654; x_wconf 74' lang='lat' dir='ltr'><strong>CAP.</strong></span> <span class='ocrx_word' id='word_1_117' title='bbox 289 1610 332 1656; x_wconf 87' lang='lat'><strong>6.</strong></span> <span class='ocrx_word' id='word_1_118' title='bbox 364 1609 541 1655; x_wconf 79' lang='lat' dir='ltr'><em>Famam</em></span> <span class='ocrx_word' id='word_1_119' title='bbox 562 1612 605 1655; x_wconf 83' lang='lat' dir='ltr'><strong>in</strong></span> <span class='ocrx_word' id='word_1_120' title='bbox 634 1619 831 1670; x_wconf 78' lang='lat' dir='ltr'><strong>posteros.</strong></span> <span class='ocrx_word' id='word_1_121' title='bbox 894 1613 999 1656; x_wconf 92' lang='lat' dir='ltr'><strong>MS.</strong></span> <span class='ocrx_word' id='word_1_122' title='bbox 1034 1613 1161 1656; x_wconf 90' lang='lat' dir='ltr'><strong>Bodl.</strong></span> <span class='ocrx_word' id='word_1_123' title='bbox 1197 1623 1239 1656; x_wconf 88' lang='lat' dir='ltr'><strong>et</strong></span> <span class='ocrx_word' id='word_1_124' title='bbox 1268 1613 1637 1658; x_wconf 83' lang='lat' dir='ltr'><strong>Jac.-Gr0n0vius</strong></span> 
     </span>
     <span class='ocr_line' id='line_1_18' title="bbox 71 1682 817 1743; baseline 0.009 -16"><span class='ocrx_word' id='word_1_125' title='bbox 71 1682 248 1743; x_wconf 82' lang='lat' dir='ltr'><strong><em>samam</em></strong></span> <span class='ocrx_word' id='word_1_126' title='bbox 267 1691 307 1728; x_wconf 83' lang='lat' dir='ltr'><strong>et</strong></span> <span class='ocrx_word' id='word_1_127' title='bbox 319 1692 519 1742; x_wconf 79' lang='lat' dir='ltr'><strong>posteros.</strong></span> <span class='ocrx_word' id='word_1_128' title='bbox 815 1732 817 1734; x_wconf 79' lang='grc'>,</span> 
     </span>
    </p>

    <p class='ocr_par' dir='ltr' id='par_1_8' title="bbox 85 1758 1638 2253">
     <span class='ocr_line' id='line_1_19' title="bbox 148 1758 1638 1822; baseline 0.004 -20"><span class='ocrx_word' id='word_1_129' title='bbox 148 1758 336 1818; x_wconf 84' lang='lat' dir='ltr'><strong>Negocia</strong></span> <span class='ocrx_word' id='word_1_130' title='bbox 355 1761 469 1803; x_wconf 51' lang='lat' dir='ltr'><strong>sint.</strong></span> <span class='ocrx_word' id='word_1_131' title='bbox 511 1760 578 1804; x_wconf 85' lang='lat' dir='ltr'><strong>Ita</strong></span> <span class='ocrx_word' id='word_1_132' title='bbox 596 1762 626 1806; x_wconf 92' lang='lat' dir='ltr'><strong>J</strong></span> <span class='ocrx_word' id='word_1_133' title='bbox 629 1778 690 1805; x_wconf 84' lang='lat' dir='ltr'><strong>ac.</strong></span> <span class='ocrx_word' id='word_1_134' title='bbox 714 1762 954 1806; x_wconf 88' lang='lat' dir='ltr'>Gronovius</span> <span class='ocrx_word' id='word_1_135' title='bbox 974 1779 1025 1805; x_wconf 88' lang='lat' dir='ltr'><strong>ex</strong></span> <span class='ocrx_word' id='word_1_136' title='bbox 1047 1763 1151 1806; x_wconf 88' lang='lat' dir='ltr'><strong>MS.</strong></span> <span class='ocrx_word' id='word_1_137' title='bbox 1173 1763 1334 1806; x_wconf 86' lang='lat' dir='ltr'><strong>Medic.</strong></span> <span class='ocrx_word' id='word_1_138' title='bbox 1356 1767 1638 1822; x_wconf 85' lang='lat' dir='ltr'><strong>probaturque</strong></span> 
     </span>
     <span class='ocr_line' id='line_1_20' title="bbox 87 1835 1638 1895; baseline 0.003 -18"><span class='ocrx_word' id='word_1_139' title='bbox 87 1835 334 1878; x_wconf 77' lang='lat' dir='ltr'><strong>auctoritate</strong></span> <span class='ocrx_word' id='word_1_140' title='bbox 365 1835 519 1890; x_wconf 83' lang='lat' dir='ltr'><strong>Taciti,</strong></span> <span class='ocrx_word' id='word_1_141' title='bbox 549 1836 703 1880; x_wconf 88' lang='lat' dir='ltr'><strong>Annal.</strong></span> <span class='ocrx_word' id='word_1_142' title='bbox 727 1852 759 1880; x_wconf 88' lang='lat'><strong>1.</strong></span> <span class='ocrx_word' id='word_1_143' title='bbox 790 1844 861 1881; x_wconf 70' lang='lat'><strong>28.</strong></span> <span class='ocrx_word' id='word_1_144' title='bbox 905 1843 936 1863; x_wconf 88' lang='lat'><em>“</em></span> <span class='ocrx_word' id='word_1_145' title='bbox 957 1838 1071 1886; x_wconf 83' lang='lat' dir='ltr'><strong>Quin</strong></span> <span class='ocrx_word' id='word_1_146' title='bbox 1106 1839 1257 1895; x_wconf 72' lang='lat' dir='ltr'><strong>potius,</strong></span> <span class='ocrx_word' id='word_1_147' title='bbox 1288 1847 1334 1881; x_wconf 92' lang='lat' dir='ltr'><strong>ut</strong></span> <span class='ocrx_word' id='word_1_148' title='bbox 1365 1840 1574 1882; x_wconf 86' lang='lat' dir='ltr'><strong>novissimi</strong></span> <span class='ocrx_word' id='word_1_149' title='bbox 1595 1841 1638 1882; x_wconf 87' lang='lat' dir='ltr'><strong>in</strong></span> 
     </span>
     <span class='ocr_line' id='line_1_21' title="bbox 88 1906 1636 1970; baseline 0.003 -19"><span class='ocrx_word' id='word_1_150' title='bbox 88 1906 269 1966; x_wconf 74' lang='lat' dir='ltr'><strong>culpam,</strong></span> <span class='ocrx_word' id='word_1_151' title='bbox 297 1909 355 1953; x_wconf 84' lang='lat' dir='ltr'><strong>ita</strong></span> <span class='ocrx_word' id='word_1_152' title='bbox 373 1910 496 1967; x_wconf 86' lang='lat' dir='ltr'><strong>primi</strong></span> <span class='ocrx_word' id='word_1_153' title='bbox 515 1912 568 1954; x_wconf 82' lang='lat' dir='ltr'><strong>ad</strong></span> <span class='ocrx_word' id='word_1_154' title='bbox 587 1912 870 1968; x_wconf 83' lang='lat' dir='ltr'><strong>poenitentiam</strong></span> <span class='ocrx_word' id='word_1_155' title='bbox 893 1914 1075 1956; x_wconf 89' lang='lat' dir='ltr'><strong>sumus.&#39;&#39;</strong></span> <span class='ocrx_word' id='word_1_156' title='bbox 1125 1914 1175 1956; x_wconf 90' lang='lat' dir='ltr'><strong>In</strong></span> <span class='ocrx_word' id='word_1_157' title='bbox 1195 1913 1358 1970; x_wconf 79' lang='lat' dir='ltr'><strong>scriptis</strong></span> <span class='ocrx_word' id='word_1_158' title='bbox 1378 1914 1492 1956; x_wconf 86' lang='lat' dir='ltr'><strong>libris</strong></span> <span class='ocrx_word' id='word_1_159' title='bbox 1512 1915 1636 1970; x_wconf 73' lang='lat' dir='ltr'><strong>vulgo</strong></span> 
     </span>
     <span class='ocr_line' id='line_1_22' title="bbox 85 1983 1635 2046; baseline 0.001 -16"><span class='ocrx_word' id='word_1_160' title='bbox 85 1983 371 2043; x_wconf 67' lang='lat' dir='ltr'><strong>negotiantur.</strong></span> <span class='ocrx_word' id='word_1_161' title='bbox 431 1985 619 2042; x_wconf 83' lang='lat' dir='ltr'><strong>Margini</strong></span> <span class='ocrx_word' id='word_1_162' title='bbox 641 1986 745 2030; x_wconf 92' lang='lat' dir='ltr'><strong>MS.</strong></span> <span class='ocrx_word' id='word_1_163' title='bbox 784 1987 911 2031; x_wconf 81' lang='lat' dir='ltr'><strong>Bodl.</strong></span> <span class='ocrx_word' id='word_1_164' title='bbox 943 1988 1196 2044; x_wconf 83' lang='lat' dir='ltr'><strong>adscriptum</strong></span> <span class='ocrx_word' id='word_1_165' title='bbox 1227 1990 1394 2046; x_wconf 80' lang='lat' dir='ltr'><strong>negotia</strong></span> <span class='ocrx_word' id='word_1_166' title='bbox 1424 1997 1635 2043; x_wconf 81' lang='lat' dir='ltr'><strong>tueantur,</strong></span> 
     </span>
     <span class='ocr_line' id='line_1_23' title="bbox 88 2057 1636 2122; baseline 0.005 -22"><span class='ocrx_word' id='word_1_167' title='bbox 88 2059 200 2116; x_wconf 88' lang='lat' dir='ltr'><strong>quod</strong></span> <span class='ocrx_word' id='word_1_168' title='bbox 221 2057 264 2101; x_wconf 88' lang='lat' dir='ltr'><strong>iu</strong></span> <span class='ocrx_word' id='word_1_169' title='bbox 282 2058 395 2102; x_wconf 83' lang='lat' dir='ltr'><strong>libris</strong></span> <span class='ocrx_word' id='word_1_170' title='bbox 415 2060 608 2104; x_wconf 84' lang='lat' dir='ltr'><strong>omnibus</strong></span> <span class='ocrx_word' id='word_1_171' title='bbox 635 2062 752 2105; x_wconf 87' lang='lat' dir='ltr'><strong>editis</strong></span> <span class='ocrx_word' id='word_1_172' title='bbox 771 2062 933 2119; x_wconf 84' lang='lat' dir='ltr'><strong>legitur.</strong></span> <span class='ocrx_word' id='word_1_173' title='bbox 996 2065 1246 2120; x_wconf 88' lang='lat' dir='ltr'><strong>Suspectum</strong></span> <span class='ocrx_word' id='word_1_174' title='bbox 1268 2073 1428 2118; x_wconf 81' lang='lat' dir='ltr'><strong>tamen3</strong></span> <span class='ocrx_word' id='word_1_175' title='bbox 1460 2064 1636 2122; x_wconf 87' lang='lat' dir='ltr'><strong>ideoque</strong></span> 
     </span>
     <span class='ocr_line' id='line_1_24' title="bbox 88 2133 1635 2198; baseline 0.005 -23"><span class='ocrx_word' id='word_1_176' title='bbox 88 2133 351 2191; x_wconf 82' lang='lat' dir='ltr'><strong>conjectabat</strong></span> <span class='ocrx_word' id='word_1_177' title='bbox 389 2135 500 2178; x_wconf 86' lang='lat' dir='ltr'><strong>Frid.</strong></span> <span class='ocrx_word' id='word_1_178' title='bbox 539 2136 794 2190; x_wconf 86' lang='lat' dir='ltr'><strong>Gronovius,</strong></span> <span class='ocrx_word' id='word_1_179' title='bbox 845 2138 1013 2196; x_wconf 81' lang='lat' dir='ltr'><strong>negotia</strong></span> <span class='ocrx_word' id='word_1_180' title='bbox 1053 2146 1164 2181; x_wconf 80' lang='lat' dir='ltr'><strong>eant.</strong></span> <span class='ocrx_word' id='word_1_181' title='bbox 1225 2139 1437 2193; x_wconf 83' lang='lat' dir='ltr'><strong>Ernestus,</strong></span> <span class='ocrx_word' id='word_1_182' title='bbox 1467 2140 1635 2198; x_wconf 77' lang='lat' dir='ltr'><strong>negotia</strong></span> 
     </span>
     <span class='ocr_line' id='line_1_25' title="bbox 89 2215 1565 2253; baseline 0.004 -2"><span class='ocrx_word' id='word_1_183' title='bbox 89 2215 296 2253; x_wconf 71' lang='lat' dir='ltr'><strong>atteratur.</strong></span> <span class='ocrx_word' id='word_1_184' title='bbox 359 2240 363 2244; x_wconf 87' lang='lat'><em>-</em></span> <span class='ocrx_word' id='word_1_185' title='bbox 1564 2220 1565 2226; x_wconf 78' lang='grc'>’</span> 
     </span>
    </p>
   </div>
   <div class='ocr_carea' id='block_1_6' title="bbox 5 2362 1638 3010">
    <p class='ocr_par' dir='ltr' id='par_1_9' title="bbox 5 2362 1638 3010">
     <span class='ocr_line' id='line_1_26' title="bbox 148 2362 1634 2428; baseline 0.004 -20"><span class='ocrx_word' id='word_1_186' title='bbox 148 2362 271 2416; x_wconf 71' lang='grc' dir='ltr'><strong>ΟΑΡ.</strong></span> <span class='ocrx_word' id='word_1_187' title='bbox 291 2370 333 2413; x_wconf 61' lang='lat'><strong>7.</strong></span> <span class='ocrx_word' id='word_1_188' title='bbox 367 2365 521 2412; x_wconf 63' lang='lat' dir='ltr'><strong>Quieta</strong></span> <span class='ocrx_word' id='word_1_189' title='bbox 551 2368 763 2427; x_wconf 75' lang='lat' dir='ltr'><strong>republict‘i</strong></span> <span class='ocrx_word' id='word_1_190' title='bbox 795 2401 807 2413; x_wconf 89' lang='lat'><strong>.</strong></span> <span class='ocrx_word' id='word_1_191' title='bbox 827 2402 836 2412; x_wconf 94' lang='lat'><strong>.</strong></span> <span class='ocrx_word' id='word_1_192' title='bbox 855 2403 866 2412; x_wconf 88' lang='lat'><strong>.</strong></span> <span class='ocrx_word' id='word_1_193' title='bbox 879 2378 1031 2428; x_wconf 84' lang='lat' dir='ltr'><strong>petere.</strong></span> <span class='ocrx_word' id='word_1_194' title='bbox 1093 2369 1158 2413; x_wconf 90' lang='lat' dir='ltr'><strong>Ita</strong></span> <span class='ocrx_word' id='word_1_195' title='bbox 1191 2370 1376 2414; x_wconf 84' lang='lat' dir='ltr'><strong>Pichena</strong></span> <span class='ocrx_word' id='word_1_196' title='bbox 1407 2380 1450 2414; x_wconf 90' lang='lat' dir='ltr'><strong>et</strong></span> <span class='ocrx_word' id='word_1_197' title='bbox 1469 2370 1634 2415; x_wconf 86' lang='lat' dir='ltr'><strong>Recen-</strong></span> 
     </span>
     <span class='ocr_line' id='line_1_27' title="bbox 5 2438 1637 2503; baseline 0.004 -21"><span class='ocrx_word' id='word_1_198' title='bbox 5 2475 14 2486; x_wconf 85' lang='grc'>,</span> <span class='ocrx_word' id='word_1_199' title='bbox 87 2438 229 2486; x_wconf 75' lang='lat' dir='ltr'><strong>tiores.</strong></span> <span class='ocrx_word' id='word_1_200' title='bbox 288 2440 335 2484; x_wconf 90' lang='lat' dir='ltr'>N</span> <span class='ocrx_word' id='word_1_201' title='bbox 335 2456 384 2484; x_wconf 86' lang='lat' dir='ltr'><strong>ec</strong></span> <span class='ocrx_word' id='word_1_202' title='bbox 403 2441 521 2485; x_wconf 79' lang='lat' dir='ltr'><strong>aliter</strong></span> <span class='ocrx_word' id='word_1_203' title='bbox 538 2445 643 2486; x_wconf 87' lang='lat' dir='ltr'><strong>infra</strong></span> <span class='ocrx_word' id='word_1_204' title='bbox 680 2443 721 2487; x_wconf 89' lang='lat' dir='ltr'><strong>in</strong></span> <span class='ocrx_word' id='word_1_205' title='bbox 753 2444 940 2501; x_wconf 86' lang='lat' dir='ltr'><strong>Dialogo</strong></span> <span class='ocrx_word' id='word_1_206' title='bbox 960 2447 1011 2488; x_wconf 86' lang='lat' dir='ltr'><strong>de</strong></span> <span class='ocrx_word' id='word_1_207' title='bbox 1033 2445 1296 2497; x_wconf 86' lang='lat' dir='ltr'><strong>Oratoribus,</strong></span> <span class='ocrx_word' id='word_1_208' title='bbox 1326 2461 1419 2503; x_wconf 87' lang='lat' dir='ltr'><strong>cap.</strong></span> <span class='ocrx_word' id='word_1_209' title='bbox 1454 2447 1524 2489; x_wconf 79' lang='lat'><strong>36.</strong></span> <span class='ocrx_word' id='word_1_210' title='bbox 1585 2445 1637 2488; x_wconf 90' lang='lat' dir='ltr'><strong>In</strong></span> 
     </span>
     <span class='ocr_line' id='line_1_28' title="bbox 40 2513 1636 2577; baseline 0.004 -20"><span class='ocrx_word' id='word_1_211' title='bbox 40 2545 42 2547; x_wconf 64' lang='grc'><em>»</em></span> <span class='ocrx_word' id='word_1_212' title='bbox 89 2513 231 2558; x_wconf 81' lang='lat' dir='ltr'><strong>MSS.</strong></span> <span class='ocrx_word' id='word_1_213' title='bbox 251 2519 281 2540; x_wconf 89' lang='lat'>“</span> <span class='ocrx_word' id='word_1_214' title='bbox 293 2516 364 2574; x_wconf 88' lang='lat' dir='ltr'><strong>qui</strong></span> <span class='ocrx_word' id='word_1_215' title='bbox 382 2524 424 2559; x_wconf 88' lang='lat' dir='ltr'><strong>et</strong></span> <span class='ocrx_word' id='word_1_216' title='bbox 443 2517 469 2559; x_wconf 67' lang='grc' dir='ltr'>ὲ</span> <span class='ocrx_word' id='word_1_217' title='bbox 487 2518 703 2574; x_wconf 68' lang='lat' dir='ltr'><strong>republica</strong></span> <span class='ocrx_word' id='word_1_218' title='bbox 722 2518 848 2572; x_wconf 78' lang='lat' dir='ltr'><strong>nulla,</strong></span> <span class='ocrx_word' id='word_1_219' title='bbox 869 2519 946 2562; x_wconf 89' lang='lat' dir='ltr'><strong>nisi</strong></span> <span class='ocrx_word' id='word_1_220' title='bbox 967 2520 1096 2576; x_wconf 82' lang='lat' dir='ltr'><strong>pacis,</strong></span> <span class='ocrx_word' id='word_1_221' title='bbox 1115 2519 1392 2563; x_wconf 88' lang='lat' dir='ltr'><strong>emolumenta</strong></span> <span class='ocrx_word' id='word_1_222' title='bbox 1409 2521 1636 2577; x_wconf 88' lang='lat' dir='ltr'><strong>peterent.”</strong></span> 
     </span>
     <span class='ocr_line' id='line_1_29' title="bbox 119 2587 1634 2651; baseline 0.004 -19"><span class='ocrx_word' id='word_1_223' title='bbox 119 2636 121 2639; x_wconf 55' lang='grc'><em>,</em></span> <span class='ocrx_word' id='word_1_224' title='bbox 147 2587 302 2633; x_wconf 69' lang='lat' dir='ltr'><strong>Posuit</strong></span> <span class='ocrx_word' id='word_1_225' title='bbox 334 2591 514 2634; x_wconf 85' lang='lat' dir='ltr'><strong>modum.</strong></span> <span class='ocrx_word' id='word_1_226' title='bbox 538 2599 542 2601; x_wconf 84' lang='grc'><strong>’</strong></span> <span class='ocrx_word' id='word_1_227' title='bbox 574 2588 940 2637; x_wconf 69' lang='lat' dir='ltr'><strong>senatusconsulto</strong></span> <span class='ocrx_word' id='word_1_228' title='bbox 983 2596 1155 2637; x_wconf 85' lang='lat' dir='ltr'><strong>modum</strong></span> <span class='ocrx_word' id='word_1_229' title='bbox 1193 2595 1348 2651; x_wconf 90' lang='lat' dir='ltr'><strong>posuit,</strong></span> <span class='ocrx_word' id='word_1_230' title='bbox 1398 2604 1444 2637; x_wconf 94' lang='lat' dir='ltr'><strong>ut</strong></span> <span class='ocrx_word' id='word_1_231' title='bbox 1476 2592 1634 2651; x_wconf 65' lang='lat' dir='ltr'><strong>optime</strong></span> 
     </span>
     <span class='ocr_line' id='line_1_30' title="bbox 88 2662 1635 2724; baseline 0.003 -17"><span class='ocrx_word' id='word_1_232' title='bbox 88 2662 191 2714; x_wconf 65' lang='lat' dir='ltr'><strong>vidit</strong></span> <span class='ocrx_word' id='word_1_233' title='bbox 205 2663 274 2708; x_wconf 86' lang='lat' dir='ltr'><strong>Cl.</strong></span> <span class='ocrx_word' id='word_1_234' title='bbox 295 2663 542 2720; x_wconf 81' lang='lat' dir='ltr'><strong>chiffletius,</strong></span> <span class='ocrx_word' id='word_1_235' title='bbox 572 2667 644 2724; x_wconf 90' lang='lat' dir='ltr'><strong>qui</strong></span> <span class='ocrx_word' id='word_1_236' title='bbox 664 2668 788 2711; x_wconf 84' lang='lat' dir='ltr'><strong>etiam</strong></span> <span class='ocrx_word' id='word_1_237' title='bbox 806 2669 915 2712; x_wconf 89' lang='lat' dir='ltr'><strong>huuc</strong></span> <span class='ocrx_word' id='word_1_238' title='bbox 934 2669 1075 2712; x_wconf 89' lang='lat' dir='ltr'><strong>locum</strong></span> <span class='ocrx_word' id='word_1_239' title='bbox 1095 2669 1151 2712; x_wconf 89' lang='lat' dir='ltr'><strong>ita</strong></span> <span class='ocrx_word' id='word_1_240' title='bbox 1170 2670 1430 2712; x_wconf 86' lang='lat' dir='ltr'><strong>emendatum</strong></span> <span class='ocrx_word' id='word_1_241' title='bbox 1449 2669 1635 2712; x_wconf 85' lang='lat' dir='ltr'><strong>volebat:</strong></span> 
     </span>
     <span class='ocr_line' id='line_1_31' title="bbox 90 2737 1638 2801; baseline 0.003 -20"><span class='ocrx_word' id='word_1_242' title='bbox 90 2737 292 2789; x_wconf 57' lang='lat' dir='ltr'><strong>Haeqjea</strong></span> <span class='ocrx_word' id='word_1_243' title='bbox 310 2738 438 2782; x_wconf 58' lang='lat' dir='ltr'><strong><em>‘haud</em></strong></span> <span class='ocrx_word' id='word_1_244' title='bbox 452 2739 627 2799; x_wconf 73' lang='lat' dir='ltr'><strong>frustra</strong></span> <span class='ocrx_word' id='word_1_245' title='bbox 647 2742 761 2790; x_wconf 75' lang='lat' dir='ltr'><strong>dicta</strong></span> <span class='ocrx_word' id='word_1_246' title='bbox 782 2741 989 2800; x_wconf 78' lang='lat' dir='ltr'><strong>Prineeps</strong></span> <span class='ocrx_word' id='word_1_247' title='bbox 1006 2752 1138 2797; x_wconf 79' lang='lat' dir='ltr'><strong>ratus,</strong></span> <span class='ocrx_word' id='word_1_248' title='bbox 1172 2743 1204 2786; x_wconf 83' lang='lat' dir='ltr'><strong><em>S</em></strong></span> <span class='ocrx_word' id='word_1_249' title='bbox 1219 2742 1270 2786; x_wconf 88' lang='lat' dir='ltr'><strong>C.</strong></span> <span class='ocrx_word' id='word_1_250' title='bbox 1291 2743 1501 2800; x_wconf 77' lang='lat' dir='ltr'><strong>capiendis</strong></span> <span class='ocrx_word' id='word_1_251' title='bbox 1513 2758 1638 2801; x_wconf 84' lang='lat' dir='ltr'><strong>pecu-</strong></span> 
     </span>
     <span class='ocr_line' id='line_1_32' title="bbox 88 2804 1637 2873; baseline 0.003 -15"><span class='ocrx_word' id='word_1_252' title='bbox 88 2814 172 2859; x_wconf 74' lang='lat' dir='ltr'><strong>niis</strong></span> <span class='ocrx_word' id='word_1_253' title='bbox 188 2816 330 2873; x_wconf 80' lang='lat' dir='ltr'><strong>posuit</strong></span> <span class='ocrx_word' id='word_1_254' title='bbox 347 2817 533 2860; x_wconf 88' lang='lat' dir='ltr'><strong>modum.</strong></span> <span class='ocrx_word' id='word_1_255' title='bbox 584 2817 654 2861; x_wconf 87' lang='lat' dir='ltr'><strong>De</strong></span> <span class='ocrx_word' id='word_1_256' title='bbox 672 2819 754 2862; x_wconf 90' lang='lat' dir='ltr'><strong>hoc</strong></span> <span class='ocrx_word' id='word_1_257' title='bbox 773 2819 1130 2863; x_wconf 82' lang='lat' dir='ltr'><strong>senatusconsulto</strong></span> <span class='ocrx_word' id='word_1_258' title='bbox 1150 2804 1373 2863; x_wconf 75' lang='lat' dir='ltr'><strong>audiendus</strong></span> <span class='ocrx_word' id='word_1_259' title='bbox 1393 2819 1571 2873; x_wconf 88' lang='lat' dir='ltr'><strong>Plinius,</strong></span> <span class='ocrx_word' id='word_1_260' title='bbox 1593 2833 1637 2862; x_wconf 77' lang='lat' dir='ltr'><strong>v,</strong></span> 
     </span>
     <span class='ocr_line' id='line_1_33' title="bbox 88 2888 1636 2947; baseline 0.001 -13"><span class='ocrx_word' id='word_1_261' title='bbox 88 2888 178 2947; x_wconf 79' lang='lat' dir='ltr'><strong>Ep.</strong></span> <span class='ocrx_word' id='word_1_262' title='bbox 209 2896 281 2935; x_wconf 77' lang='lat'><strong>21.</strong></span> <span class='ocrx_word' id='word_1_263' title='bbox 353 2889 535 2935; x_wconf 80' lang='lat' dir='ltr'><strong>Suberat</strong></span> <span class='ocrx_word' id='word_1_264' title='bbox 574 2892 703 2936; x_wconf 79' lang='lat' dir='ltr'><strong>edicto</strong></span> <span class='ocrx_word' id='word_1_265' title='bbox 743 2893 1157 2938; x_wconf 77' lang='lat' dir='ltr'><strong>senatusconsultum:</strong></span> <span class='ocrx_word' id='word_1_266' title='bbox 1207 2893 1253 2938; x_wconf 91' lang='lat' dir='ltr'>H</span> <span class='ocrx_word' id='word_1_267' title='bbox 1271 2908 1299 2937; x_wconf 93' lang='lat' dir='ltr'><strong>o</strong></span> <span class='ocrx_word' id='word_1_268' title='bbox 1319 2907 1344 2936; x_wconf 91' lang='lat' dir='ltr'>c</span> <span class='ocrx_word' id='word_1_269' title='bbox 1398 2888 1427 2936; x_wconf 89' lang='lat' dir='ltr'><strong>o</strong></span> <span class='ocrx_word' id='word_1_270' title='bbox 1445 2908 1482 2936; x_wconf 82' lang='lat' dir='ltr'><strong>M</strong></span> <span class='ocrx_word' id='word_1_271' title='bbox 1502 2907 1534 2937; x_wconf 72' lang='lat' dir='ltr'>N</span> <span class='ocrx_word' id='word_1_272' title='bbox 1554 2907 1581 2937; x_wconf 77' lang='lat' dir='ltr'>E</span> <span class='ocrx_word' id='word_1_273' title='bbox 1601 2908 1636 2947; x_wconf 89' lang='lat' dir='ltr'><strong>s,</strong></span> 
     </span>
     <span class='ocr_line' id='line_1_34' title="bbox 323 2979 1403 3010; baseline 0.004 -4"><span class='ocrx_word' id='word_1_274' title='bbox 323 2979 430 3010; x_wconf 81' lang='lat' dir='ltr'><strong>voL..</strong></span> <span class='ocrx_word' id='word_1_275' title='bbox 454 2979 508 3009; x_wconf 86' lang='lat'><strong>11.</strong></span> <span class='ocrx_word' id='word_1_276' title='bbox 1374 2982 1403 3010; x_wconf 63' lang='grc' dir='ltr'>Υ</span> 
     </span>
    </p>
   </div>
  </div>
 </body>
</html>
