1832 3230
251 190 330 228 542
651 183 816 224 NOTAE
847 181 915 221 ET
938 182 1382 222 EMENDATIONES

246 286 361 343 apud
390 284 600 328 Trebiam.
662 286 705 328 O
739 301 873 329 mores
905 292 1091 339 aeternos,
1122 285 1192 342 qui
1215 293 1326 328 tanta
1355 285 1663 341 operabonore
1686 285 1779 330 solo

162 409 166 411 ,
247 359 510 403 donaverint:
542 368 583 402 et
601 359 696 402 ciim
716 360 889 417 reliquas
909 375 1078 402 coronas
1108 375 1207 402 auro
1236 360 1580 412 commendarent,
1606 359 1776 403 salutem

249 435 348 478 civis
378 435 421 477 in
454 434 588 491 pretio
629 450 716 476 esse
745 434 970 476 noluerint:
1003 433 1109 476 clare
1140 434 1328 489 professi,
1356 449 1407 476 ne
1439 433 1586 476 servm·
1608 433 1778 492 ‚quidem

248 508 458 551 hominem
480 510 540 550 fas
562 524 648 550 esse
664 507 767 550 lucri
788 507 912 550 causa
927 506 962 550 !'’
1011 507 1172 549 Rufum
1191 506 1407 559 Helvium,
1427 505 1654 563 gregarium
1672 506 1780 552 mili-

251 591 349 636 tem,
366 582 497 624 civica
517 582 669 624 corona
690 583 884 624 donatum
903 580 1077 623 vidimus
1094 597 1215 637 supra
1233 580 1382 622 Annal.
1401 594 1477 622 111.
1497 585 1568 623 21.

309 656 405 699 Diu
424 663 638 713 noctuque.
699 655 836 698 MSS.
858 654 979 697 Harl.
1003 654 1125 696 Bodl.
1145 655 1172 698 J
1177 670 1234 696 es.
1253 660 1294 696 et
1314 653 1580 708 Puteolanus,
1597 653 1678 696 die.

314 809 525 852 CAP.13.
558 809 828 866 Adpugnare.
890 807 1071 849 Piehena
1099 807 1122 849 ὲ
1153 807 1256 850 MS.
1278 807 1389 849 Flor.
1438 805 1501 849 In
1519 805 1656 850 MSS.
1679 805 1792 862 Agr

257 885 386 928 Corb.
416 891 457 925 et
480 882 656 924 editione
685 881 883 938 principe,
904 882 962 924 ad
981 897 1182 940 pugnam.
1240 881 1379 924 MSS.
1400 880 1521 924 Harl.
1553 877 1677 924 Bodi.
1696 880 1783 924 Jes.

255 966 298 1002 et
318 956 586 1008 Puteolanus,
606 970 857 1013 oppugnare.

322 1030 376 1073 Ut
415 1029 685 1072 Corbulonem
715 1029 975 1086 opperientes.
1037 1029 1208 1085 Optime
1237 1030 1456 1071 Rhenanus
1486 1029 1510 1071 ὲ
1540 1027 1644 1071 MS.
1674 1027 1785 1079 Bud.

255 1105 308 1148 In
340 1105 476 1147 MSS.
498 1103 620 1145 Harl.
643 1102 767 1145 Bodl.
786 1103 875 1146 Jes.
896 1112 937 1144 et
961 1103 1227 1155 Puteolanus,
1256 1109 1328 1145 aut
1358 1102 1467 1145 metu
1499 1100 1785 1144 Corbulonem.

258 1179 396 1224 MSS.
417 1176 538 1219 Harl
558 1177 645 1220 Jes.
673 1176 862 1219 Corbulo
893 1176 1114 1233 opperiem.
1175 1176 1296 1219 Metu
1325 1177 1439 1218 abest
1468 1174 1493 1217 a
1517 1174 1656 1218 MSS.
1674 1172 1786 1219 Flor.

260 1254 368 1308 Reg.
386 1251 514 1294 Corb.
531 1259 572 1292 et
587 1249 764 1292 editione
784 1250 983 1306 principe.
1053 1263 1057 1268 '
1688 1294 1691 1297 s

317 1327 409 1369 Aut
432 1325 587 1367 Paem's
647 1323 943 1366 Freinshemius
965 1323 1119 1376 mallet,
1139 1331 1211 1366 aut
1235 1323 1449 1380 Hispanis,
1471 1322 1583 1380 quod
1599 1322 1788 1366 Numan-

258 1400 332 1444 tini
351 1408 485 1442 essent
504 1398 693 1454 Hispani.
754 1398 921 1440 Frustra
940 1398 1050 1440 addit
1071 1398 1319 1450 Gronovius,
1338 1404 1413 1440 aut
1430 1396 1647 1453 Hispanis,
1666 1396 1788 1454 qudm

263 1474 454 1518 Parthis.
514 1472 636 1514 Poeni
665 1471 732 1513 hic
766 1472 872 1514 forte
903 1471 1113 1527 appellati,
1153 1473 1264 1528 quod
1295 1471 1440 1514 clarior
1473 1466 1632 1522 eorum,
1665 1469 1789 1527 quam

261 1546 609 1590 Numantinorum
631 1545 793 1600 gloria·
832 1545 970 1587 Immo
993 1545 1236 1588 Numantini
1258 1559 1481 1603 numquam
1501 1545 1613 1587 fuere
1631 1543 1791 1601 imperii

262 1619 442 1665 Romani
458 1619 607 1662 aemuli.
1133 1621 1137 1625 ’

322 1767 393 1809 CA
403 1781 443 1808 P.
469 1772 534 1808 14.
584 1765 676 1811 Quo
698 1766 746 1808 de
767 1764 980 1808 Armenici.
1041 1764 1177 1806 MSS.
1198 1763 1320 1806 Harl.
1349 1754 1475 1806 Bodl.
1501 1764 1611 1820 Reg.
1629 1764 1730 1820 Agr.
1751 1764 1794 1807 et

261 1839 387 1883 editio
408 1825 611 1896 princeps,
631 1840 752 1896 quod.
814 1839 950 1881 MSS.
969 1839 1057 1881 Jes.
1079 1838 1208 1880 Corb.
1229 1837 1279 1879 et>
1297 1837 1563 1891 Puteolanus,
1582 1837 1694 1896 quid.
1742 1835 1795 1880 In

264 1914 369 1957 MS.
392 1913 536 1956 Guelf.
557 1913 642 1970 qui.
702 1912 876 1955 Ursinus
897 1913 920 1954 ὲ
941 1912 1065 1954 veteri
1086 1913 1228 1954 codice
1248 1911 1399 1964 laudat,
1418 1926 1521 1968 quo,·
1549 1918 1596 1954 ut
1614 1910 1796 1967 postulat

263 1987 478 2039 Latinitas,
497 1984 539 2029 et
557 1987 704 2029 merito
724 1986 877 2042 recepit
897 1986 1109 2028 Ernestu‘s.

321 2062 448 2104 Missi
459 2060 566 2118 post.
626 2061 763 2103 MSS.
785 2060 906 2102 Harl.
930 2060 1052 2102 Bodl.
1073 2060 1102 2102 J
1105 2076 1161 2102 es.
1185 2059 1314 2102 Corb.
1328 2058 1514 2115 postlldc.

327 2136 414 2181 Qui
437 2134 634 2177 Vasacen.
694 2134 832 2176 MSS.
855 2134 975 2181 Harl.
999 2133 1123 2175 Bodl.
1139 2134 1227 2176 Jes.
1244 2143 1285 2175 et
1305 2132 1568 2185 Puteolanus,
1592 2131 1796 2175 Vasatem.

326 2209 375 2253 Si
403 2225 486 2267 qua
520 2209 710 2252 Caesares.
771 2207 945 2264 Optime
980 2207 1168 2249 divinavit
1200 2207 1381 2249 Pichena
1409 2207 1458 2248 ei:
1479 2204 1592 2249 MS.
1613 2205 1725 2248 Flor.
1755 2213 1796 2248 et

266 2285 443 2328 editione
473 2283 672 2339 principe,
702 2282 743 2324 in
773 2282 991 2338 quibuS,·et
1018 2282 1054 2323 si
1082 2297 1238 2338 quaees.
1270 2281 1374 2323 MS.
1401 2281 1509 2336 Reg.
1539 2287 1580 2322 et
1597 2276 1795 2337 sequaces.

267 2358 407 2401 MSS.
431 2356 552 2398 Harl.
576 2355 700 2398 Bodl.
720 2355 748 2398 J
752 2371 807 2398 es.
826 2355 968 2398 Guelf.
990 2364 1031 2398 et
1051 2354 1320 2405 Puteolanus,
1340 2361 1379 2397 et
1396 2354 1432 2396 si
1447 2354 1519 2412 qui
1537 2354 1667 2397 duces.

326 2430 625 2488 Largiendive.
684 2428 750 2471 Ita
781 2429 918 2471 MSS.
945 2428 1056 2471 Flor.
1089 2430 1196 2484 Reg.
1229 2428 1357 2470 Corb.
1388 2427 1511 2470 editio
1540 2427 1732 2483 princeps
1757 2434 1799 2470 et

267 2504 523 2548 recentiores.
584 2502 634 2544 In
650 2502 787 2546 MSS.
807 2494 930 2545 Harl.
952 2502 1075 2545 Bodl.
1095 2502 1123 2546 J
1127 2518 1182 2544 es.
1203 2512 1244 2545 et
1267 2501 1535 2554 Puteolanus,
1553 2500 1798 2544 donandive.

326 2649 446 2691 CAP.
483 2652 548 2690 15.
594 2647 782 2690 Flamini
801 2648 1006 2690 Arsaniae.
1067 2647 1290 2703 Perperam
1312 2646 1352 2688 in
1380 2645 1518 2689 MSS.
1535 2645 1648 2688 Flor.
1669 2644 1799 2688 Corb.

178 2751 181 2753 >
219 2720 229 2731 '
267 2730 311 2765 et
345 2721 520 2764 editione
546 2721 744 2777 principe,
780 2721 1089 2788 Arsanietis‘in
1120 2720 1224 2763 MS.
1255 2721 1362 2776 Reg.
1393 2719 1604 2763 Arsaneti.
1663 2718 1799 2761 MSS.

271 2794 394 2840 Harl.
417 2794 542 2839 Bodl.
561 2795 590 2839 J
594 2810 652 2838 es.
672 2802 714 2837 et
734 2794 1000 2848 Puteolanus,
1022 2794 1246 2838 Arsameti.
1305 2794 1636 2837 Verum-nomen
1661 2790 1824 2835 docuit·
