1858 3224
246 169 306 207 44
796 163 1210 210 BREVIARIUM.

196 291 197 294 Ἴ
246 306 560 378 adoptatur.
663 311 754 367 27.
802 307 1034 362 Colonia
1075 309 1130 362 in
1176 308 1445 380 oppidum
1493 308 1762 364 Ubiorum

244 398 502 461 deducta,
525 405 584 451 ut
608 396 929 470 Agrippinae
950 418 1147 453 nomen
1167 399 1567 454 inclaresceret.·
1582 399 1762 464 catti,

243 488 532 542 latrocinia
577 489 866 560 agitanteS,
910 490 1061 544 victi.
1162 496 1251 552 29.
1311 490 1578 555 VanniuS‚
1632 489 1764 546 Sue-

244 598 436 633 vorum
485 597 595 642 rex,
647 580 862 651 pellitur
913 599 1095 652 regno,
1199 587 1290 635 31.
1344 580 1408 634 Ρ.
1454 579 1659 635 Ostorii
1703 582 1760 635 in

245 670 538 725 Britannia
563 689 644 724 res
668 690 681 730 ;
722 679 778 723 et
804 671 873 724 de
899 671 1202 726 Caractaco
1228 672 1473 726 victoria.
1524 670 1761 737 OstoriO,

243 761 358 815 vita
376 762 586 824 functe,
603 761 863 816 suffectus
892 762 961 815 A.
994 762 1212 816 Didius.
1288 771 1378 819 41.
1421 762 1604 817 Virilis
1632 770 1762 836 toga

234 844 456 906 ‘Neroni
483 860 780 908 maturata:
822 852 1171 907 Britannicus
1199 854 1543 926 posthabitus
1562 853 1763 926 Agrip-

221 944 391 1016 ·pinae
436 944 659 997 artibus
737 949 826 998 43.
879 943 1071 998 Romae
1121 945 1390 1018 prodigia,
1426 953 1483 998 et
1525 948 1758 1001 annonae

240 1036 457 1089 caritaS.
533 1041 622 1090 44.
666 1034 882 1089 Bellum
927 1036 1066 1089 inter
1110 1036 1399 1089 Armenios
1443 1034 1759 1108 Iberosque‚

228 1125 456 1194 Parthis
498 1145 563 1180 ac
609 1126 872 1180 Romanis
914 1126 1351 1200 gravissimorum
1394 1127 1537 1180 inter
1563 1145 1622 1180 se
1646 1145 1762 1183 mo-

240 1224 396 1286 tuum
424 1235 604 1271 causa.
680 1222 786 1272 52.
813 1217 1006 1271 Furius
1035 1215 1506 1286 Scribonianuslin
1534 1218 1759 1272 exilium

239 1318 415 1364 actus,
493 1308 881 1364 Mathematici
926 1308 1090 1363 Italia
1138 1309 1296 1381 pulsi.
1373 1314 1461 1363 53,
1501 1307 1759 1363 Senatus·
1815 1343 1818 1346 ·

239 1401 554 1456 consultum
581 1401 649 1454 de
677 1402 844 1472 poena
869 1400 1234 1464 foeminarum,
1277 1414 1402 1472 quae
1442 1400 1610 1462 servis
1629 1418 1759 1454 con-

231 1495 602 1566 jungerentur.
701 1490 980 1554 Pallantis,
1034 1509 1200 1562 quem
1244 1477 1594 1563 repertorem
1624 1491 1758 1545 rela-

239 1585 404 1638 tionis
425 1583 674 1638 ediderat
697 1582 978 1646 ClaudiuS‚
999 1582 1243 1655 praemia.
1318 1587 1408 1637 54.
1447 1579 1755 1636 Commotae

237 1675 277 1733 J
281 1675 457 1730 udaeae
484 1676 639 1747 quies
666 1674 898 1738 reddita,
918 1674 1182 1728 damnato
1211 1672 1480 1728 Cumano.
1518 1678 1608 1730 55.
1646 1672 1757 1728 Cli-

238 1777 417 1820 tarum
446 1767 632 1820 turbas
659 1766 943 1838 componit
969 1764 1292 1819 Antiochus,
1358 1764 1446 1820 56.
1490 1762 1755 1838 Claudius

235 1858 415 1912 lacum
448 1857 720 1911 Fucinum
749 1857 970 1920 emittit,
997 1856 1147 1910 edito
1170 1856 1318 1928 prius
1349 1856 1554 1910 navalis
1582 1857 1755 1928 praelii
1809 1842 1821 1850 ’

234 1948 574 2022 spectaculo.
614 1954 703 2003 58.
730 1946 933 2002 Causas
951 1948 1230 2001 Iliensium
1249 1955 1306 2000 et
1323 1946 1754 2003 Bononiensium

182 2033 188 2039 ’
234 2047 357 2095 orat
386 2032 577 2094 Neros
633 2039 969 2094 Bononiensi
996 2038 1226 2093 coloniae
1253 2038 1364 2112 igni
1390 2037 1601 2092 haustae
1628 2039 1771 2094 sub--

235 2139 478 2185 ventum.
567 2130 808 2184 Reddita
854 2130 1086 2184 Rhodiis
1129 2129 1364 2183 libertas,
1458 2127 1753 2185 Tributum

235 2221 663 2295 Apamiensibus
706 2222 760 2274 in
809 2221 1247 2293 quinquennium
1282 2220 1583 2275 remissum.
1661 2226 1750 2283 59.

236 2311 522 2367 Statilium
555 2311 797 2366 Taurum
844 2311 1159 2385 Agrippina
1202 2312 1418 2365 evertit.·
1488 2311 1578 2366 60.
1621 2309 1753 2365 Pro-

232 2410 549 2458 curatorum
588 2403 644 2456 in
681 2404 972 2474 provinciis
999 2404 1296 2457 auctoritas
1323 2402 1582 2456 stabilita.
1658 2402 1750 2468 61.

235 2494 391 2550 Data
419 2493 546 2548 Cois
582 2495 919 2568 immunitas,⁴
989 2494 1079 2548 62.
1124 2493 1408 2564 Byzantiis
1447 2493 1654 2547 tributa
1692 2494 1751 2548 in

233 2586 671 2658 quinquennium
725 2586 962 2639 remissa.
1073 2584 1161 2640 64.
1229 2583 1434 2638 Crebra
1481 2582 1748 2657 prodigia.

234 2676 466 2748 Lepidae
483 2694 626 2729 mors
646 2675 898 2729 indicta(
948 2675 1037 2731 66.
1080 2674 1342 2729 Claudius
1364 2674 1591 2728 adversa
1608 2675 1751 2728 vale-

232 2767 426 2821 tudine
446 2767 750 2839 corripitur.
826 2765 1153 2839 Agrippina,
1176 2765 1475 2820 occasionis
1498 2773 1748 2837 propera,

230 2858 412 2916 infuso
458 2857 653 2914 boletis
695 2875 907 2913 veneno
948 2876 1071 2914 eum
1116 2856 1393 2913 interimit.
1489 2854 1582 2916 69.
1624 2854 1767 2910 Bri-·
