1858 3224
91 143 196 190 1.,(3.
207 146 280 193 52.

89 245 224 314 quod
245 244 435 311 stirpem
457 244 673 293 hostilem
695 242 865 292 iterum
899 251 1206 289 conservaret.
1275 241 1447 307 Neque
1480 251 1635 291 tamen

88 323 218 374 exuli
240 323 382 390 longa
402 321 597 388 posthac
619 321 711 369 vita
732 319 853 368 fuit:
890 329 1041 366 morte
1072 317 1280 378 fortuita,
1311 335 1370 367 an
1393 336 1477 384 per
1498 336 1636 368 vene-

88 417 207 453 num
228 391 460 451 extinctus
480 410 615 458 esset,
639 409 691 446 ut
713 396 907 463 quisque
931 395 1140 455 credidit,
1164 396 1428 461 vulgavere.
1499 401 1532 425 “
1556 397 1635 446 De

88 483 127 510 “
160 476 494 537 mathematicis
509 479 522 500 ¹
568 475 697 525 Italia
730 474 954 541 pellendis
972 474 1005 495 ’⁹
1051 472 1228 521 factum
1265 474 1635 523 senatusconsul-

87 566 210 616 tum,
241 567 376 617 atrox
407 567 453 605 et
478 553 683 603 inritum.
751 551 947 602 Laudati
971 551 1137 600 dehinc
1161 550 1368 600 oratione
1390 550 1634 615 Principis,

86 638 124 665 “
157 632 238 699 qui
271 634 332 682 ob
366 632 597 699 angustias
629 629 874 679 familiares
889 632 906 652 ²
939 629 1103 677 ordine
1124 628 1352 678 senatorio
1375 639 1538 694 sponte
1559 645 1633 678 ce-

87 713 125 741 “
155 711 372 771 derentss’
396 710 604 775 motique
627 715 660 737 ‘⁶
680 708 759 774 qui
781 707 1064 757 remanendo
1080 706 1413 773 impudentiam
1435 721 1632 773 pauper·

85 792 122 819 “
150 787 235 850 ,tati
255 787 556 856 adjicerent.'’

333 186 378 207 l,
415 139 722 181 ANNALIUM
753 138 915 179 LIBER
945 139 1336 181 DUODECIMUS.
1583 146 1637 187 87

151 950 234 993 58.
265 943 441 1001 INTER
477 959 584 1008 quae
619 939 821 992 refertur
854 942 913 990 ad
964 952 1114 1007 patres
1146 947 1179 970 “
1203 941 1262 990 de
1297 938 1439 1006 poena
1475 938 1630 989 foemi-

85 1025 128 1055 “⁴
153 1036 340 1082 narum,
363 1037 470 1086 quae
491 1019 634 1068 servis
656 1020 1102 1086 conjungerentur.”
1159 1019 1476 1084 Statuiturque
1498 1023 1537 1049 “
1557 1029 1628 1078 ut,

0 1159 1 1166 ἵ
84 1102 121 1128 “
153 1097 318 1165 ignaro
350 1096 562 1159 domino,
597 1098 656 1146 ad
691 1097 738 1145 id
773 1098 1020 1163 prolapsa‚³
1057 1096 1106 1145 in
1141 1096 1389 1146 servitute:
1426 1096 1496 1145 sin
1518 1111 1629 1144 con-

85 1179 121 1206 “
153 1174 382 1237 sensisset,
405 1192 494 1242 pro
520 1174 708 1224 liberta
718 1175 981 1224 haberetur.
985 1177 1018 1197 '’
1086 1174 1298 1235 Pallanti,
1321 1191 1464 1240 quem
1498 1178 1532 1202 “
1555 1190 1629 1223 re·

8 1265 10 1267 ’
83 1258 120 1286 “
131 1265 387 1343 pertorem
425 1255 528 1320 ejus
566 1253 844 1302 relationis’'
886 1253 1089 1302 ediderat
1131 1254 1308 1313 Caesar,
1355 1257 1389 1281 “
1411 1251 1628 1317 praetoria

77 1335 118 1363 ⁸⁶
150 1331 362 1398 insignia,
406 1343 452 1380 et
495 1331 666 1381 centies
711 1330 1013 1398 quinquagies
1048 1330 1312 1380 sestertium
1326 1331 1359 1354 ’³
1378 1333 1399 1360 4
1450 1329 1626 1379 censuit

80 1409 247 1461 consul
267 1409 531 1476 designatus
551 1409 702 1460 Barea
722 1410 955 1461 Soranus:
991 1409 1200 1459 additum
1218 1408 1246 1457 a
1268 1406 1482 1474 Scipione
1506 1409 1627 1458 Cor-

78 1487 226 1555 nelio,
257 1491 292 1515 “
313 1499 468 1554 grates
510 1487 696 1553 publice
735 1487 954 1554 agendas,
995 1487 1127 1554 quod
1172 1487 1360 1554 regibus
1403 1487 1622 1538 Arcadiae

79 1569 118 1596 “
150 1568 315 1626 ortus,⁵
336 1564 632 1615 veterrimam
647 1566 935 1617 nobilitatem
957 1566 1061 1615 usui
1090 1565 1278 1632 publico
1307 1576 1623 1632 postponeret,

76 2605 225 2646 ancile,

0 2690 2 2712 :
77 2659 194 2723 tiente
235 2659 406 2707 domino,

2 2723 7 2765 ss
70 2703 310 2766 iungeretur,
331 2712 469 2753 liberta
494 2714 711 2753 haberetur.
743 2715 808 2754 Sic

0 2762 9 2817 ξ
75 2779 245 2820 quoque,
265 2766 426 2814 libidine
443 2774 562 2820 atque
580 2767 738 2808 luxuria
754 2783 811 2808 re·

138 1738 152 1758 ¹
198 1737 262 1780 De
295 1739 578 1780 mathematicis.
620 1741 812 1781 Chaldaeis

82 1805 130 1835 ae
166 1793 307 1846 Magis.
362 1794 482 1834 Pestis
509 1806 608 1846 saepe
632 1809 811 1848 repressa,

5 1852 31 1900 ’μ
82 1855 230 1900 semper
263 1861 473 1896 renascenS,
491 1880 494 1883 .
512 1850 565 1887 ob
601 1852 812 1902 superstiti-

79 1915 192 1942 onem
209 1902 467 1950 mortalitatis,
488 1905 730 1955 praesentium
755 1906 812 1943 in-

0 1962 2 1969 '
81 1957 256 2005 curiosae,
273 1957 491 1997 futurorum
511 1958 646 1997 avidae.
692 1959 813 1998 Plura

81 2010 282 2051 videinsm
299 2012 399 2050 Hist.
421 2023 449 2050 1
470 2015 536 2050 2‘2.

134 2061 154 2082 ²
181 2063 237 2104 Ob
253 2066 688 2118 angustiasj'amiliares.
745 2064 812 2104 Se-

11 2147 19 2154 .
80 2123 254 2161 natorum
296 2120 698 2159 censum—duodecies
738 2134 813 2158 ses-

39 2169 41 2171 *
79 2171 248 2219 unitim,
291 2174 411 2226 Angl.
466 2177 528 2221 10,
530 2175 638 2213 ΟΟΟἰ.
701 2180 812 2212 taxa-

78 2235 186 2280 verat
202 2229 416 2280 Augustus.
471 2228 656 2289 Sueton3
647 2242 686 2268 m
706 2231 806 2280 Aug.

81 2292 336 2387 'nil-Ignara
372 2335 529 2383 domino,
565 2336 617 2374 ad
649 2336 690 2375 id
720 2349 810 2388 pro·

78 2388 196 2441 lapsa.
254 2389 514 2428 invalescente
545 2389 622 2428 hac
657 2404 808 2428 morum

77 2442 312 2496 corruptele,
326 2442 510 2483 statuitur
526 2450 571 2483 ut
589 2444 743 2484 soemina
759 2445 807 2483 ad

0 2490 2 2500 ¹
60 2494 118 2538 tid
145 2491 328 2545 libidinis,
354 2499 485 2550 ignaro
511 2498 606 2536 servi
638 2499 808 2547 domino,

76 2551 187 2605 prola
215 2564 270 2599 ss,
299 2552 339 2590 in
365 2551 545 2591 servitute
563 2553 718 2600 viveret,
741 2566 807 2591 seu

253 2605 374 2645 foret:
403 2618 490 2658 quae
521 2606 626 2653 vero,
654 2619 811 2646 consen-

444 2672 537 2700 cum
580 2672 687 2699 servo
719 2674 811 2699 con-

75 2821 338 2872 crudescente,
376 2821 666 2874 Vespasianus
675 2829 810 2863 auctor

74 2871 226 2917 ‘nutui'
247 2851 338 2923 fuit
343 2875 578 2924 decernendi,
600 2881 663 2914 ut
671 2888 755 2929 qua
771 2890 810 2916 se

0 2963 10 2972 ..
73 2928 532 2984 maervojwsme,
538 2905 686 2970 a’roeilla
704 2931 809 2970 habe-

884 1748 1006 1789 retur,
1026 1741 1182 1780 Sueton.
1201 1740 1239 1778 in
1255 1739 1416 1790 Vespas.
1430 1752 1495 1778 XI.
1515 1739 1619 1778 Vide

852 1840 854 1843 ¹
886 1803 965 1834 not.
985 1803 1024 1834 et
1040 1796 1186 1834 emend.
1208 1795 1257 1832 ad
1277 1793 1419 1833 Annal.
1437 1806 1518 1832 ΧΠ.
1536 1798 1600 1832 53.

938 1848 958 1871 ⁴
1004 1849 1152 1888 Centies
1197 1848 1440 1900 quinquagies
1483 1855 1619 1887 sester-

885 1903 992 1944 tiam.
1059 1904 1179 1956 Angl.
1217 1904 1426 1948 125‚000l.
1501 1904 1617 1942 Sena-

885 1959 993 1998 toriae
1023 1957 1258 1996 adulationis
1286 1965 1324 1995 et
1353 1958 1616 2008 Imperatoriae

885 2012 1162 2052 imbecillitatis
1196 2019 1487 2050 monumentum
1518 2012 1617 2052 vidit

893 2068 1055 2114 Plinius,
1075 2079 1154 2104 v11.
1185 2067 1258 2119 Ep.
1286 2071 1351 2112 29.
1375 2067 1430 2103 ita
1457 2067 1616 2118 inscrip-

886 2130 991 2162 tum:
1042 2121 1208 2160 Pallanti
1241 2121 1505 2160 SENATVS.
1525 2123 1614 2161 OB.

885 2176 1105 2215 FIDEM.
1146 2175 1615 2222 PIETATEMQVE.

885 2231 1051 2269 ERGA.
1096 2229 1407 2269 PATRONOS.
1441 2229 1617 2270 ORNA-

883 2284 1098 2323 MENTA.
1138 2283 1471 2324 PRAETORIA.
1522 2285 1617 2324 DE·

880 2338 1097 2378 CREVIT.
1134 2337 1214 2376 ET.
1254 2338 1616 2378 SESTERTIVM.

881 2392 1144 2432 CENTIES.
1191 2392 1614 2438 QVINQVAGIES.

881 2447 1063 2486 CVJVS.
1091 2445 1340 2486 HONORF..
1367 2446 1615 2486 CONTEN-

882 2501 915 2538 Τ
918 2501 997 2539 VS.
1028 2501 1169 2539 FVlT.
1225 2499 1315 2539 Hac
1348 2501 1394 2539 de
1423 2514 1463 2539 re
1491 2508 1613 2541 totam

883 2554 1001 2593 Plinii
1028 2554 1229 2605 epistolam
1257 2555 1344 2593 vide
1368 2556 1467 2594 inter
1491 2555 1614 2595 Testi-

882 2609 1011 2647 monia
1046 2610 1232 2648 Veterum
1252 2609 1299 2646 de
1312 2610 1464 2649 Tacito.

938 2661 951 2683 ⁵
981 2662 1149 2715 Regibus
1166 2663 1346 2703 Arcadioe
1364 2670 1486 2702 ortus.
1516 2663 1615 2703 Haec

882 2716 960 2755 fuit
992 2727 1142 2768 semper
1181 2730 1366 2756 novorum
1410 2717 1613 2758 hominum

884 2771 1005 2810 stulta
1019 2771 1231 2818 aemulatio,
1251 2780 1296 2810 ut
1312 2772 1436 2811 claros
1452 2784 1499 2811 ac
1513 2785 1615 2825 szepe

882 2825 1002 2875 regios
1036 2826 1183 2864 natales
1210 2832 1455 2866 arcesserent.
1526 2827 1615 2866 Nec

882 2877 1010 2918 ullum
1044 2879 1141 2918 sorte
1172 2879 1361 2928 seculum,
1390 2879 1494 2931 quod
1525 2880 1614 2920 Pal-

841 2979 843 2983 ,
883 2931 1007 2973 tantas
1023 2946 1100 2973 non
1118 2933 1310 2975 habuerit.
1337 2934 1614 2986 Animose‚sed
