1858 3224
147 170 188 210 J.
206 163 337 211 (265.
397 162 707 204 ‘ANNALIUM
736 162 900 202 LIBER
929 163 1177 202 DECIMUS
1207 164 1464 211 QUINTUS.
1611 173 1691 210 283

108 249 118 257 i
148 271 229 322 nia
244 282 295 319 et
315 268 518 336 potentia
538 267 917 324 obversabantur,
939 265 1072 315 cessit
1092 265 1179 326 fas,
1202 279 1247 315 et
1278 269 1402 318 salus
1430 272 1628 335 patroni,
1649 286 1698 324 et

148 358 353 413 acceptae
392 345 612 395 libertatis
644 344 881 393 memoria.
951 343 1136 392 Etenim
1169 346 1330 395 uxoris
1362 365 1550 413 quoque
1588 367 1699 416 con,

69 442 79 452 ·
150 420 306 501 silium
326 424 629 481 adsumserat,
663 422 890 470 muliebre
911 439 964 470 ac
987 422 1215 471 deterius:
1253 423 1422 488 quippe
1450 427 1573 474 ultro
1602 445 1700 477 me-

151 494 256 554 tum
275 502 544 561 intentabat,
565 505 601 528 ‘⁶
623 500 888 564 multosque
905 500 1126 548 adstitisse
1142 500 1329 548 libertos
1346 518 1398 549 ac
1421 519 1594 563 servos,
1618 507 1699 571 qui

152 585 189 611 ‘⁶
211 581 374 630 eadem
408 579 634 628 viderint:
682 577 795 626 nihil
834 577 1135 647 profuturum
1172 578 1309 625 unius
1341 578 1600 630 silennum:
1652 594 1700 631 at

152 663 189 688 ‘⁶
210 657 404 724 praemia
422 674 565 722 penes
586 672 736 704 unum
757 653 876 715 fore,
899 656 980 720 qui
1001 655 1169 704 indicio
1186 655 1531 718 praevexiisset.”

218 820 300 864 σε.
335 814 551 872 IGITUR,
584 810 740 876 coepta
759 811 883 870 luce,
906 810 1127 858 Milichus
1145 810 1193 857 in
1213 810 1375 859 hortos
1392 796 1698 863 ‘Servilianos‘

149 891 334 958 pergin
385 891 432 938 et
472 890 587 939 cum
625 888 803 936 foribus
842 899 1094 946 arceretur,
1146 892 1180 914 ‘⁶
1211 904 1396 953 magna,
1446 901 1491 937 et
1528 892 1701 941 atrocia

149 973 188 1006 ‘⁶
207 967 426 1018 adferre”
450 967 678 1026 dictitans,
711 967 1031 1030 deductusque
1048 967 1106 1013 ab
1120 966 1388 1031 janitoribus
1405 967 1463 1014 ad
1482 966 1699 1018 libertum

143 1047 371 1106 Neronis,
402 1045 811 1111 Epaphroditum,²
846 1060 961 1091 mox
991 1044 1050 1091 ab
1073 1060 1129 1090 eo
1163 1043 1222 1090 ad
1243 1045 1502 1103 Neronem,
1527 1062 1699 1111 urgens

145 1124 429 1200 periculum,
467 1139 633 1190 graves
665 1122 1022 1188 conjurationes,
1061 1132 1109 1169 et
1141 1132 1292 1169 cetera
1330 1139 1436 1186 quae
1475 1123 1698 1184 audierat,

149 1203 595 1269 conjectaveratque,
653 1200 804 1248 docet.
887 1199 1060 1247 Telum
1101 1215 1290 1263 quoque
1321 1198 1370 1246 in
1402 1216 1566 1250 necem
1599 1204 1698 1268 ejus

147 1289 362 1345 paratum
399 1278 615 1337 ostendit,
666 1278 895 1343 accirique
946 1293 1102 1325 reum
1122 1276 1267 1342 jussit.
1336 1279 1380 1325 Is
1419 1290 1576 1342 raptus
1614 1294 1700 1344 per

146 1357 332 1417 milites,
364 1367 412 1406 et
433 1355 750 1405 defensionem
766 1373 917 1416 orsus,
952 1361 985 1383 ‘⁶
1008 1357 1224 1414 Ferrum,
1255 1357 1386 1420 cujus
1407 1369 1698 1422 argueretur,

144 1439 183 1480 Q‘
203 1434 318 1485 olim
343 1433 569 1501 religione
599 1433 745 1498 patria
769 1434 968 1493 cultum,
1002 1444 1048 1481 et
1069 1432 1119 1480 in
1141 1432 1356 1481 cubiculo
1379 1433 1605 1494 habitum,
1639 1452 1695 1485 ac

146 1511 370 1563 &hande
408 1511 559 1562 liberti
591 1512 899 1577 subreptum''
940 1510 1190 1575 respondit.
1261 1515 1295 1538 “
1329 1511 1531 1560 Tabulas
1563 1523 1697 1562 testa-

140 1590 351 1644 “menti
382 1589 557 1655 saepifis
590 1589 619 1639 a
654 1607 722 1649 se,
756 1601 803 1638 et
829 1587 1104 1638 incustodita
1144 1588 1325 1636 dierum
1360 1590 1697 1651 observatione,

146 1675 182 1702 “
204 1669 418 1736 signata&
463 1667 688 1718 Pecunias
710 1678 756 1716 et
777 1667 1008 1717 libertates
1030 1665 1172 1715 servis
1193 1678 1239 1715 et
1260 1665 1366 1716 ante
1390 1668 1522 1716 dono
1539 1669 1664 1718 datas
1679 1687 1695 1719 ε

143 1753 182 1778 “
203 1748 286 1797 sed
320 1747 426 1795 ideo
456 1758 568 1795 tunc
603 1745 799 1813 largius,
834 1746 942 1811 quia
961 1744 1089 1794 tenui
1106 1746 1204 1811 jam
1223 1761 1277 1792 re
1300 1743 1527 1806 familiari,
1559 1758 1607 1795 et
1627 1747 1696 1795 in-

142 1830 180 1860 “
201 1824 426 1876 stanihus
458 1824 782 1884 creditoribus,
819 1834 1091 1876 testamento
1131 1822 1370 1871 diffideret.
1439 1823 1695 1874 Enimvero

143 1907 180 1932 “
202 1902 414 1953 liberales
435 1919 621 1968 semper
642 1902 801 1971 epulas
830 1901 1071 1961 struxisse,
1105 1912 1151 1950 et
1182 1901 1322 1949 vitam
1345 1905 1612 1962 amoenam,³
1647 1914 1696 1952 et

143 1985 180 2011 “
202 1981 330 2030 duris
362 1980 594 2046 judicibus
632 1981 805 2046 parum
842 1983 1098 2046 probatam.
1167 1981 1391 2028 Fomenta
1427 1980 1696 2031 vulneribus

143 2063 180 2092 “
202 2058 332 2108 nulla
345 2061 479 2125 jussu
504 2076 622 2120 suo;
659 2060 742 2108 sed
776 2059 883 2125 quia
913 2071 1065 2108 cetera
1100 2059 1269 2123 palam«
1291 2074 1407 2106 vana
1438 2058 1695 2124 objecisset,

143 2141 179 2165 “
201 2137 454 2203 adjungere
500 2137 694 2197 crimen,
743 2140 876 2203 cujus
914 2155 964 2186 se
1004 2136 1173 2202 pariter
1206 2136 1407 2184 indicem
1447 2147 1493 2184 et
1530 2146 1695 2185 testem

141 2219 178 2248 “
199 2212 424 2264 faceret.’'
492 2215 667 2283 Adjicit
691 2216 822 2264 dictis
845 2215 1177 2289 constantiam:
1213 2215 1389 2262 incusat
1412 2214 1536 2261 ultro
1571 2219 1605 2241 ‘⁶
1628 2214 1695 2262 in-

141 2295 178 2324 “
201 2291 476 2353 testabilem,
511 2305 557 2342 et
579 2296 998 2355 consceleratum,''
1023 2293 1149 2342 tanta
1172 2293 1297 2341 vocis
1315 2309 1366 2340 ac
1385 2291 1545 2340 vultus
1567 2309 1696 2340 secu-

137 2367 289 2430 ritate,
311 2382 365 2420 ut
386 2370 560 2422 labaret
581 2371 821 2433 indicium,
845 2372 930 2423 nisi
953 2372 1202 2420 Milichum
1226 2386 1349 2418 uxor
1365 2370 1695 2429 admonuisset,

198 2537 212 2555 ¹
230 2538 283 2577 In
302 2538 431 2578 hortos
449 2539 694 2579 Servilianos.
728 2541 879 2580 Locum
1007 2537 1025 2555 ²
1043 2539 1358 2590 Epaphroditum.
1394 2537 1539 2575 Neroni
1569 2542 1650 2575 crat
1669 2535 1695 2574 ὲ,

140 2591 342 2634 hortorum
362 2594 660 2633 Servilianorum
690 2609 800 2633 nemo
821 2608 881 2632 ve-
954 2594 1116 2632 libellis·
1147 2607 1261 2644 quem
1290 2600 1416 2629 tamen
1446 2592 1600 2630 fortuna
1624 2590 1696 2628 mi-

139 2654 267 2685 terum
302 2647 428 2686 docet.
499 2648 706 2687 Existimat
752 2656 880 2688 tamen
954 2650 1025 2687 nus
1054 2648 1241 2687 celebrem
1257 2647 1372 2703 fecit,
1411 2645 1528 2695 quam
1564 2650 1694 2683 servus

141 2700 333 2749 Donatus,
361 2701 410 2740 de
434 2702 539 2740 Urbe
572 2704 687 2741 Rom.
717 2715 785 2742 111.
816 2708 881 2742 23.
955 2703 1036 2753 ejus
1053 2675 1270 2753 Epictetus,
1287 2701 1507 2738 Stoicorum
1525 2700 1696 2737 antistes.

139 2753 228 2802 illos
255 2755 370 2794 fuisse
402 2755 443 2794 in
479 2768 544 2794 lx.
582 2758 699 2795 Urbis
733 2758 882 2808 regione
957 2759 1115 2802 Quanto
1138 2755 1272 2793 melior
1291 2755 1326 2792 d‹
1328 2754 1447 2791 >mino
1465 2754 1617 2792 servus!

140 2807 247 2851 haud
269 2809 408 2861 procul
436 2809 461 2847 ὲ
486 2819 601 2861 ponte
628 2812 884 2857 Jauiculensi,
1011 2808 1026 2830 ³
1031 2811 1097 2853 Ι
1095 2811 1186 2847 itam
1212 2806 1622 2846 amoenan2..Lib‹1·2les
1654 2821 1695 2845 se

138 2874 244 2903 nunc
274 2863 396 2902 Ponte
422 2864 546 2903 Sixto
605 2866 717 2904 Ροιῐὸ
743 2878 881 2903 nomen
955 2878 1102 2915 semptr
1125 2863 1258 2913 opulas
1287 2861 1481 2906 struxisse,
1508 2872 1698 2912 suamque

139 2924 369 2968 acceperant
395 2931 421 2956 a.
450 2918 509 2956 M.
528 2919 704 2967 Servilio,
737 2920 784 2957 de
803 2932 882 2970 quo
956 2919 1074 2956 vitam
1094 2918 1207 2955 ἱιιίεει),
1226 2923 1428 2959 amanam,
1455 2922 1494 2952 et
1512 2914 1645 2953 duris
1629 2928 1696 2966 Ju-

140 2969 294 3011 dictum
312 2978 368 3013 est
386 2985 504 3024 supra
533 2974 678 3014 Annal.
704 2985 798 3014 xlv.
819 2979 882 3019 19.
956 2972 1109 3012 dicibus
1124 2985 1194 3023 pai
1199 2984 1263 3010 um
1281 2971 1497 3021 probatam.
