1858 3224
1500 176 1550 214 A.
1570 151 1619 214 u.
1636 177 1683 216 c.
1703 181 1796 216 800.

255 280 547 340 atrociorem,
569 278 713 345 quam
742 295 864 326 novo
887 296 1033 344 regno
1065 280 1359 329 conduceret.
1427 283 1493 330 At
1521 282 1677 331 Parthi
1691 292 1696 297 ’
1709 283 1795 332 im.

255 371 507 426 peratores,
540 357 655 406 curn
690 372 895 421 pugnarn
931 369 1158 420 pararent,
1191 357 1347 406 foedus
1381 359 1571 423 repente
1603 358 1795 421 faciunt,

254 435 449 504 cognitis
472 434 762 499 popularium
784 434 969 492 insidiis,
994 452 1106 498 quas
1130 437 1360 484 Gotarzes
1381 435 1533 484 fratris
1553 437 1606 497 F.
1625 436 1794 501 patefe-

255 515 317 565 cit
333 532 347 562 ι
366 518 378 536 ¹
424 512 765 577 congressique,
811 511 962 574 primo
1003 523 1305 571 cunctantur3
1359 513 1524 561 deinde
1562 514 1793 578 complexi

255 594 459 650 dextras,
476 590 598 654 apud
615 589 770 636 altaria
786 588 949 635 Deum
966 588 1198 653 pepigere,
1222 594 1256 617 ‘⁶
1273 588 1485 638 fraudem
1500 589 1793 641 ininfieorum

257 676 292 699 “
315 667 489 726 ulcisci,
522 678 657 730 atque
679 665 763 728 ipsi
784 665 902 712 inter
923 681 972 712 se
999 666 1304 714 concedere.’'
1372 666 1538 714 Potior
1559 668 1794 717 Bardanes

255 747 379 797 visus
399 744 639 793 retinendo
671 758 833 806 regno·
902 745 969 789 At
994 744 1242 803 Gotarzes,
1270 759 1330 791 ne
1352 744 1462 807 quid
1493 744 1795 795 aemulationis

255 825 510 892 exsisteret,
533 820 712 884 penitus
733 819 781 867 in
804 820 1084 884 Hyrcaniam
1106 821 1241 868 abiit:
1273 837 1573 886 regressoque
1595 822 1794 871 Bardani

257 902 441 950 deditur
464 897 686 956 Seleucia,
719 897 912 960 septimo
933 909 1035 961 post
1058 896 1361 946 defectionem
1394 914 1546 958 anno3
1580 914 1678 947 non
1698 898 1794 948 sine

255 980 483 1028 dedecore
498 975 795 1033 Parthorum,
819 991 935 1038 quos
959 990 1050 1022 una
1072 974 1225 1023 civitas
1247 975 1420 1023 tamdiu
1443 976 1652 1024 eluserat.

261 182 309 217 12
749 173 795 210 C.
823 171 1087 211 CORNELII
1117 172 1299 211 'rAfflTx

327 1130 403 1170 10.
438 1122 583 1169 Exm
606 1116 899 1167 validissimas
916 1117 1212 1183 praefecturas
1241 1118 1430 1169 invasit:
1466 1131 1512 1168 et
1539 1119 1794 1184 reciperare

258 1198 530 1249 Armeniam
546 1201 561 1218 ²
584 1197 786 1261 parabat,
803 1195 850 1243 ni
873 1194 900 1243 a
918 1196 1054 1262 Vibio
1076 1197 1252 1255 Marso,
1267 1197 1411 1262 Syriae
1434 1197 1601 1262 legato,
1617 1196 1795 1246 bellum

255 1277 508 1334 minitante,
540 1273 767 1323 cohibitus
788 1271 923 1321 foret.
996 1276 1151 1339 Atque
1173 1274 1354 1323 interim
1389 1275 1625 1327 Gotarzes
1648 1273 1795 1338 poeni·

255 1353 398 1404 tentia
421 1352 624 1403 concessi
645 1351 794 1416 regni,
817 1362 862 1399 et
885 1363 1127 1400 revocante
1144 1352 1394 1411 nobilitate,
1416 1351 1491 1400 cui
1511 1351 1560 1400 in
1581 1368 1693 1416 pace
1707 1352 1795 1400 du·

255 1432 352 1481 rius
372 1429 606 1479 servitium
629 1439 714 1487 est,
748 1428 975 1477 contrahit
997 1429 1179 1493 copias:
1216 1439 1261 1482 et
1286 1428 1394 1477 huic
1416 1441 1576 1477 contra
1595 1428 1795 1491 itumad

254 1520 442 1558 amnem
484 1506 719 1556 Erinden:
737 1507 750 1533 ³
789 1505 837 1554 in
873 1507 1003 1570 cujus
1042 1517 1326 1572 transgressu
1363 1506 1573 1563 multum
1603 1517 1793 1566 certato,

254 1585 446 1652 pervicit
468 1585 718 1642 Bardanes,
742 1583 1063 1648 prosperisque
1086 1583 1254 1648 praeliis
1275 1583 1671 1643 mediasnationes
1686 1584 1793 1633 sub-

256 1663 352 1730 egit
373 1663 432 1711 ad
462 1662 636 1710 flumen
659 1660 872 1719 Sinden,⁴
906 1662 1033 1725 quod
1054 1662 1211 1709 Dahas
1229 1661 1467 1725 ,Ariosque
1495 1659 1790 1718 disterminat.

254 1741 326 1791 Ibi
346 1739 514 1789 modus
534 1739 673 1787 rebus
694 1738 905 1786 secundis
927 1738 1132 1802 positus:
1168 1742 1276 1786 nam
1304 1738 1480 1797 Parthi,
1511 1744 1793 1804 quamquam

204 1867 207 1870 .
255 1818 469 1876 victores,
503 1815 803 1881 longinquam
842 1815 1047 1864 militiam
1077 1818 1448 1880 aspernabantur.
1527 1815 1691 1882 Igitur,
1713 1832 1794 1864 ex-

254 1895 415 1944 tructis
450 1892 759 1951 monimentis,
792 1893 972 1967 ¹quibus
1002 1910 1113 1957 opes
1148 1910 1251 1942 suas
1280 1894 1546 1952 testabatur,
1575 1907 1662 1941 nec
1698 1892 1793 1941 cui·

255 1989 398 2038 quam
418 1970 524 2020 ante
548 1969 878 2019 Arsacidarum
899 1971 1069 2019 tributa
1099 1970 1186 2019 illis
1220 1971 1279 2019 de
1307 1970 1520 2036 gentibus
1548 1979 1694 2034 parta,
1723 1985 1793 2018 re-

256 2050 494 2116 greditur:
528 2048 691 2114 ingens
714 2047 879 2113 gloria,
901 2060 1038 2114 atque
1061 2050 1119 2097 eo
1136 2047 1353 2108 ferocior,
1376 2059 1422 2096 et
1442 2046 1656 2112 subjectis
1675 2045 1793 2095 into-

256 2126 502 2177 lerantior:
538 2125 618 2190 qui
641 2125 749 2173 dolo
772 2126 877 2173 ante
909 2126 1181 2191 composito,
1216 2126 1452 2174 incautum
1473 2122 1793 2187 venationique

257 2204 486 2252 intentum
501 2205 514 2231 ⁵
536 2201 824 2261 interfecere,
860 2202 1055 2267 primam
1084 2202 1204 2251 intra
1221 2205 1476 2270 juventam,
1509 2201 1591 2250 sed
1613 2199 1794 2250 claritu·
1839 2206 1845 2218 ¹

314 2378 328 2397 ¹
348 2379 499 2418 Fratris
519 2379 563 2417 F.
579 2379 774 2430 patefecit.
805 2380 988 2417 Gotarzes

257 2434 412 2472 insidias
440 2434 622 2484 patefecit
652 2434 830 2479 Bardam,
864 2434 989 2471 fratris

257 2490 317 2526 sui
347 2487 567 2537 (Artabani)
595 2485 685 2524 filio.
716 2487 815 2524 Vide
843 2494 922 2524 not.
953 2494 990 2524 et

258 2542 405 2579 emend.
424 2541 472 2578 ad
492 2540 633 2580 Annal.
653 2552 715 2577 xx.
735 2544 773 2584 9.

327 2591 347 2611 ²
390 2594 615 2644 Reciperare
660 2594 887 2631 Armeniam.
951 2595 986 2631 A

258 2648 486 2687 Mithridate
502 2654 746 2698 occupatam,
765 2660 851 2697 cap.
870 2660 955 2697 sup.

310 2699 328 2722 ³
364 2702 428 2739 Ad
462 2714 600 2739 amnem
640 2699 821 2738 Erinden.
852 2700 988 2738 Amnis

257 2755 337 2803 ille,
358 2747 576 2806 Hyrcaniae,
595 2754 664 2791 soli
684 2753 822 2792 Tacito
848 2766 990 2791 memo-

256 2817 376 2856 ratus,
398 2810 493 2847 forte
517 2817 573 2846 est
592 2808 669 2846 The
688 2807 829 2850 Lus-ter,-
861 2807 927 2858 qui
948 2808 986 2846 in

254 2875 360 2901 maro
393 2861 576 2913 Caspium
603 2861 740 2899 influit.
795 2861 908 2899 Certe
937 2863 985 2898 ab

257 2916 326 2954 illo
343 2916 457 2954 fluvio
476 2928 551 2952 non
565 2915 732 2952 dissitus.

309 2969 330 2992 ⁴
346 2971 560 3022 Adflumen
583 2967 735 3009 Sinden.
764 2968 925 3007 Flumen
942 2966 987 3006 il-

1777 2343 1792 2363 9

1060 2380 1129 2418 lud
1148 2379 1298 2417 videtur
1314 2391 1407 2423 esse,
1429 2376 1532 2427 quod
1564 2387 1667 2414 nunc
1695 2374 1791 2413 dici-

1061 2447 1146 2472 mus
1159 2434 1206 2470 H
1207 2433 1334 2470 erirud
1350 2431 1407 2468 vel
1423 2431 1468 2469 H
1469 2435 1565 2468 erat.
1595 2430 1656 2467 De
1668 2428 1791 2467 Dahis

1055 2489 1137 2536 jam
1156 2487 1304 2524 dictum
1319 2498 1448 2537 supra.
1503 2483 1673 2522 Finitimi
1689 2482 1790 2530 Arii,

1062 2541 1205 2578 Ortum
1225 2539 1362 2577 versus.
1610 2575 1612 2579 ,

1114 2591 1127 2612 ⁵
1159 2594 1359 2631 Ine-mitum
1384 2590 1642 2641 venationique
1670 2589 1790 2628 inten-

1060 2652 1150 2685 tum.
1181 2647 1299 2691 Quini
1329 2645 1423 2682 Izati
1453 2644 1597 2682 bellum
1625 2643 1791 2689 inferret,

1060 2708 1098 2738 et
1114 2701 1292 2738 adversus
1321 2700 1510 2737 Romanos
1530 2697 1790 2743 meditaretur,

1061 2754 1301 2791 interfectum
1329 2753 1530 2790 Bardaneu
1551 2749 1668 2788 tradit
1685 2749 1793 2788 δοες·-

1060 2807 1160 2857 phus
1178 2807 1311 2857 Antiq.
1330 2805 1488 2844 Judaic.
1506 2817 1582 2842 xx.
1599 2807 1638 2842 3.
1671 2803 1790 2840 Haud

1059 2861 1148 2898 satis
1167 2860 1337 2912 diligens,
1357 2865 1401 2898 ut
1418 2859 1579 2905 videtur,
1598 2855 1672 2897 hac
1690 2855 1728 2894 iu
1750 2868 1791 2894 re

1060 2915 1234 2966 scriptor.
