1858 3224
236 151 288 185 534
724 146 772 184 C.
800 145 1064 184 CORNELII
1093 142 1276 184 TACITI
1490 150 1540 188 A.
1556 149 1606 190 U.
1618 151 1666 190 C.
1685 154 1779 191 800.

305 256 385 297 22.
420 250 663 296 INTEREA
688 248 875 307 Romae,
908 248 1045 296 nullis
1067 249 1235 312 palam,
1268 264 1420 314 neque
1447 252 1640 318 cognitis
1661 269 1776 304 mox

236 326 401 384 causis,
417 328 507 375 Cn.
531 325 758 383 Novius,
746 325 932 390 insignis
955 342 1095 389 eques
1120 327 1378 386 Romanus,
1400 326 1525 376 ferro
1546 329 1778 380 accinctus

236 403 465 467 reperitur
492 402 540 450 in
575 413 701 450 coetu
735 401 1027 448 salutantium
1061 402 1350 466 Principem:
1385 420 1494 452 nam
1527 406 1776 472 postquam

231 480 475 528 -tormentis
499 479 814 536 dilaniabatur,
837 479 895 526 de
923 496 972 526 se
993 479 1202 528 Novius:
1226 482 1238 501 ¹
1273 481 1480 542 conscios
1500 498 1597 532 non
1618 484 1776 544 edidit,
1818 488 1820 491 ’

235 557 466 606 incertum
487 573 545 604 an
562 557 810 605 occultans.
863 557 1029 604 Iisdem
1052 557 1314 606 consulibus
1336 558 1388 606 P.
1407 559 1650 626 Dolabella
1670 577 1778 609 cen-

234 634 326 683 suit
348 640 382 662 “
405 634 716 699 spectaculum
734 632 1040 698 gladiatorum
1055 638 1070 655 ²
1094 651 1177 697 per
1199 651 1359 684 omnes
1381 651 1525 683 annos
1541 637 1775 695 celebtan-

234 717 277 766 ‘-‘‚
294 713 426 770 dum,
461 710 656 776 pecunia
696 728 876 769 eorum,
928 711 1008 774 qui
1047 711 1326 775 quaesturam
1364 712 1772 776 adipiscerentur.'·’

233 790 380 854 Apud
398 790 592 853 majores
605 787 782 836 virtutis
798 787 844 834 id
861 787 1106 851 praemium
1123 787 1288 847 fuerat,
1304 790 1578 854 cunctisque.
1586 790 1773 851 civium,

231 866 270 915 si
292 866 425 914 bonis
446 866 617 914 artibus
639 865 861 935 fiderent,
889 865 1063 913 licitum
1097 878 1253 930 petere
1284 867 1600 932 magistratus;
1635 884 1688 916 ac
1711 884 1772 916 ne

232 955 343 993 aetas
360 944 548 1008 quidem
566 943 960 1007 distinguebatur,³
985 943 1097 1007 quin
1114 942 1263 1006 prima
1274 942 1465 1008 juventa
1482 944 1771 993 consulatum

231 1038 286 1069 ac
322 1021 567 1069 dictaturas
600 1020 780 1068 inirent.
850 1021 943 1068 Sed
964 1033 1244 1084 quaestores,
1276 1021 1463 1086 regibus
1496 1021 1632 1070 etiarn
1669 1032 1772 1070 tum

230 1097 576 1162 imperantibus,
610 1097 798 1145 instituti
820 1109 956 1145 sunt:
994 1097 1120 1162 quod
1143 1098 1220 1145 lex
1243 1097 1446 1146 curiata⁴
1474 1097 1689 1158 ostendit,
1710 1100 1769 1147 ab

230 1177 289 1224 L.
315 1177 463 1224 Bruto
486 1175 688 1239 repetita.
730 1175 994 1239 Mansitque
1016 1175 1280 1224 consulibus
1302 1186 1499 1239 potestas
1521 1174 1770 1241 deligendi,

233 1252 382 1301 donec
419 1269 527 1302 eum
555 1269 741 1317 quoque
767 1252 994 1301 honorem
1016 1253 1215 1317 populus
1238 1252 1502 1300 mandaret:
1539 1252 1771 1316 creatique

231 1330 443 1393 primum
467 1330 676 1378 Valerius
698 1330 892 1390 Potitus,
915 1331 1132 1381 AEmilius
1162 1332 1446 1388 Mamercus,
1468 1344 1623 1377 Lxm.
1647 1344 1770 1380 anno

231 1418 336 1471 post
361 1406 636 1470 Tarquinios
671 1419 878 1467 exactos,
912 1420 964 1455 ut
997 1425 1098 1459 rem
1132 1407 1375 1457 militarem
1409 1395 1769 1456 comitarentur.⁵,

231 1484 358 1531 Dein
380 1483 674 1549 gliscentibus
697 1485 907 1550 negotiis,
931 1487 1025 1534 duo
1047 1485 1204 1544 additi,
1226 1485 1306 1550 qui
1331 1485 1498 1534 Romae
1520 1479 1770 1532 curarent.⁶

232 1561 355 1608 Mox
383 1561 639 1625 duplicatus
671 1567 929 1623 numerus,⁷
962 1562 1252 1629 stipendiaria
1268 1564 1364 1628 jam
1387 1560 1533 1624 Italia,
1568 1570 1615 1608 et
1643 1577 1770 1610 acce·

293 1705 395 1744 ¹De
411 1719 450 1743 se
471 1706 534 1744 No
515 1707 630 1744 ozias.
660 1707 708 1745 Sc
727 1721 848 1753 reum,
878 1721 967 1746 con-

235 1761 332 1797 scios
350 1773 424 1797 non
442 1761 562 1798 <didit
575 1761 741 1799 Novius.
772 1763 872 1800 Vide
887 1771 965 1800 not.

234 1823 273 1852 et
290 1814 439 1851 emend.
459 1814 505 1851 ad
527 1815 666 1852 Annal.
687 1828 748 1852 xi.
767 1820 832 1853 22.

290 1865 308 1883 ²
321 1867 577 1918 Spectaculum
588 1869 856 1919 gladiatorum.
876 1869 967 1907 Inde

237 1921 395 1959 Sueton.
422 1922 461 1958 in
481 1922 621 1960 Claud.
644 1935 770 1960 xxrv.
799 1923 964 1974 Collegio

236 1981 457 2025 quoestorum
492 1989 564 2025 pro
609 1976 783 2014 Stratum?
824 1977 967 2015 viarum

233 2028 490 2079 gladiatorum
508 2043 637 2066 munus
653 2030 832 2080 injunxit.
890 2031 968 2067 Nc-

237 2082 387 2120 cessitas
418 2083 486 2119 illa
513 2083 538 2120 ὸ,
565 2083 716 2121 Nerone
742 2083 872 2133 postca
902 2086 968 2121 ab·

235 2136 328 2181 lata,
356 2137 482 2174 Tacit.
503 2137 643 2174 Annal.
665 2149 766 2174 xnx.
785 2141 822 2175 5.
844 2138 868 2174 εὶ
887 2139 968 2175 Do-

236 2190 395 2227 mitiano
434 2190 573 2228 iterum
602 2191 775 2238 inducta,
809 2192 964 2229 Sueton.

235 2246 276 2280 in
294 2244 440 2281 Domit.
463 2257 522 2282 lv,

291 2293 305 2315 ³
322 2297 386 2334 Ne
399 2304 489 2335 oetas
500 2298 640 2347 quidem
654 2298 965 2348 distinguebatur.

234 2351 287 2388 A.
305 2351 354 2388 U.
370 2351 416 2388 C.
436 2349 528 2389 625.
548 2353 599 2396 Q.
617 2352 751 2388 Fulvio
771 2351 911 2389 Flacco
929 2359 967 2389 et

236 2404 282 2442 L.
326 2403 476 2442 Manlio
517 2405 684 2442 Acidino
732 2405 966 2450 consulibus,

232 2458 384 2509 rogatio
399 2458 561 2508 primum
581 2459 660 2495 lata
679 2464 734 2496 est
752 2459 796 2496 ab
818 2458 865 2496 L.
887 2458 923 2496 V
922 2459 966 2495 il-

177 2515 181 2518 ’
234 2511 285 2548 lio
303 2511 451 2548 tribuno
466 2511 598 2561 plebis,
624 2518 713 2560 quot
739 2525 854 2548 annos
884 2511 966 2549 nati

234 2577 406 2615 que-mque
434 2565 695 2615 magzstrutum
709 2570 882 2615 petermt
906 2578 965 2603 ca-

229 2631 315 2670 pere.
314 2623 446 2668 utque.
503 2618 644 2664 Livius,
664 2631 734 2656 XL.
755 2622 820 2656 43.

286 2669 306 2692 ⁴
324 2671 404 2709 Lex
421 2672 657 2710 curzata.1d
675 2680 730 2708 ‹st
747 2671 841 2709 lex
827 2685 851 2708 a
869 2673 963 2722 regi-

234 2725 304 2762 bus
327 2725 417 2762 lam.
475 2725 708 2775 Pomponius
739 2725 784 2761 de
810 2725 961 2774 Origin.

231 2778 317 2816 Jur.
338 2779 482 2827 Digest.
503 2790 532 2815 1.
549 2779 625 2816 Tit.
643 2790 691 2815 11.
715 2784 748 2815 1.
766 2779 960 2816 Romulum

230 2831 400 2869 traditur
413 2833 587 2882 populum
607 2832 644 2868 in
657 2832 818 2882 triginta
832 2837 961 2880 partes

230 2885 411 2930 divisisse,
435 2899 524 2934 quas
543 2891 675 2934 partes
694 2885 817 2922 curius
839 2885 963 2935 appel-

230 2938 325 2977 lavit
340 2953 353 2977 .·
377 2936 581 2990 proptera)
594 2938 690 2990 quod
708 2944 797 2977 tuuc
817 2938 961 2988 reipub-

770 3036 788 3052 Ι

1033 1709 1113 1747 licae
1137 1721 1263 1747 curam
1274 1720 1344 1758 per
1369 1705 1572 1745 sententias
1598 1705 1766 1756 partium

1034 1776 1160 1801 earum
1197 1761 1422 1812 expediebat.
1493 1759 1547 1797 Et
1580 1759 1637 1796 ita
1668 1758 1766 1808 leges

1035 1817 1211 1867 quasdam
1235 1821 1272 1853 et
1296 1815 1373 1865 ipse
1391 1812 1569 1852 curiates
1587 1813 1637 1850 ad
1649 1825 1769 1862 popu-

1035 1870 1108 1907 lum
1138 1869 1241 1907 tulit.
1300 1868 1324 1905 Ι
1327 1868 1484 1907 ulerunt
1513 1871 1550 1904 et
1575 1870 1766 1916 sequentes

1036 1937 1168 1974 reges,-
1211 1929 1255 1960 ut
1284 1928 1472 1972 rogarent,
1500 1920 1529 1958 si
1559 1919 1766 1970 placerent,

1036 1977 1094 2014 lor
1063 1990 1147 2037 ges,
1204 1974 1509 2014 Prozocationem
1528 1975 1579 2011 arl
1590 1973 1764 2024 populum

1037 2031 1146 2068 etiam
1163 2029 1187 2067 (ὶ
1205 2028 1483 2081 regibusjuisse
1497 2028 1591 2065 doc<
1595 2035 1610 2064 t
1627 2026 1766 2064 Cicero

1035 2085 1081 2121 d‹
1102 2085 1198 2134 nep.
1216 2083 1320 2134 apud
1341 2083 1538 2127 Senecam,
1559 2081 1633 2131 Ep.
1650 2084 1739 2118 108.

1088 2135 1103 2159 ⁵
1135 2137 1224 2175 Rem
1254 2137 1453 2175 militarem
1483 2134 1762 2173 comitarentur.

1037 2192 1086 2229 Et
1102 2191 1276 2228 aerarium
1297 2190 1460 2227 militare
1479 2195 1670 2226 curarent.

1086 2240 1104 2262 ⁶
1125 2244 1202 2288 Qui
1230 2244 1355 2281 Romae
1378 2247 1568 2280 curarent.
1597 2241 1679 2286 Qui
1705 2253 1763 2278 ros

1035 2300 1198 2335 urbanas
1231 2305 1420 2341 curarent,
1453 2303 1491 2332 et
1526 2295 1564 2332 in
1602 2294 1764 2332 crimina

1034 2352 1282 2388 adverterent.
1338 2349 1527 2399 Exempla
1553 2348 1639 2386 vide
1655 2347 1762 2398 apud

1035 2404 1207 2449 Livium,
1227 2416 1294 2441 111.
1315 2408 1368 2441 24
1385 2410 1423 2440 ct
1442 2406 1506 2441 25.

1087 2455 1102 2478 ⁷
1121 2457 1350 2507 Duplicatus
1367 2468 1550 2494 numerus.
1571 2454 1668 2492 Livii
1685 2453 1764 2505 cpi-

1034 2518 1146 2557 tmne,
1178 2523 1252 2548 xv.
1282 2510 1386 2548 Tunc
1414 2509 1574 2560 primum
1603 2508 1762 2559 populus

1033 2564 1221 2602 Romanus
1238 2569 1396 2615 argento
1420 2562 1478 2600 uti
1493 2562 1613 2612 caepit.
1671 2561 1763 2599 Um-

1033 2617 1093 2655 bri
1109 2624 1146 2655 et
1163 2616 1364 2655 Sallentini
1375 2616 1468 2654 victi
1483 2615 1523 2653 in
1538 2614 1761 2653 deditionem

1033 2671 1176 2721 accepti
1190 2676 1291 2708 sunt.
1340 2669 1572 2714 Quoestorum
1589 2680 1760 2706 ramerus
1801 2694 1803 2696 -

1033 2725 1230 2772 ampliatus
1248 2728 1313 2770 est,
1328 2729 1370 2761 ut
1382 2727 1501 2761 essent
1513 2726 1609 2759 octo.
1641 2721 1760 2758 Porro,

1032 2791 1068 2814 α)
1070 2782 1227 2827 gentum
1243 2776 1432 2828 signatum
1451 2781 1506 2813 est
1528 2787 1624 2812 atino
1645 2773 1760 2812 Urbw

1032 2834 1124 2867 485.
1156 2830 1314 2880 quinque
1346 2829 1452 2868 annis
1482 2833 1569 2865 ante
1597 2827 1760 2878 primum

1031 2884 1161 2920 bellum
1220 2883 1414 2931 Punicum,
1469 2889 1561 2920 teste
1617 2879 1759 2928 Plinio,-

1032 2948 1201 2975 xxxxu.
1219 2940 1259 2975 3.
