1832 3230
252 153 330 189 548
382 183 387 187 .
647 145 811 184 NOTAE
842 146 910 184 ΕΤ
939 143 1387 184 EMENDATIONES

317 248 423 292 Czim
449 248 476 291 ἆ
506 248 696 302 barbaris
724 249 899 292 delectus
929 255 1040 290 esset.
1101 246 1217 289 Bene
1239 247 1505 291 Puteolanus.
1565 246 1789 304 Perperam

255 323 394 367 MSS,
416 325 521 378 Reg.
543 322 671 365 Corb.
692 317 738 366 et¹
753 323 876 366 editio
898 322 1102 379 princeps,
1123 337 1213 364 cum
1235 322 1427 365 barbaris
1444 321 1618 367 delectus
1645 330 1718 367 est.

319 398 509 457 Infamia
533 397 645 440 Paeti
664 398 908 456 angebatur.
969 396 1084 438 Bene
1108 396 1341 439 Rhenanus.
1401 396 1452 438 In
1473 396 1611 440 MSS.
1628 404 1671 440 et
1683 406 1793 439 vete-

258 474 372 516 ribus
406 472 665 523 editionibus,
702 472 945 529 augebatur.
1003 469 1079 512 Vir
1108 471 1289 512 eruditus
1318 470 1360 512 in
1393 454 1571 525 editione
1601 469 1792 527 Gryphii,

237 555 240 558 ’
261 563 325 590 an.
351 552 473 590 1543.
495 547 738 601 corrigebat,
759 545 977 603 agebatur.

324 621 496 679 Operire
535 620 744 678 reliquias.
803 619 868 662 Ita
899 619 1038 663 MSS.
1070 627 1112 662 et
1131 627 1285 662 veteres
1315 618 1529 662 editiones.
1587 618 1795 666 Mendose

262 696 304 739 in
325 695 458 752 Lipsii
479 695 737 747 editionibus,
759 694 954 750 opperiri.

321 769 522 813 Minister
546 768 648 811 bello
673 768 806 810 datu&
868 768 974 809 Haec
995 768 1145 810 omissa
1174 767 1215 810 in
1242 766 1379 811 MSS.
1402 767 1524 811 Harl.
1547 766 1682 811 Bodl.
1706 767 1797 812 Jes.

266 842 422 886 Postea
458 843 499 886 in
539 842 719 897 mangine
758 842 861 885 MS.
885 842 1029 884 Bodl.
1068 842 1218 883 addita.
1278 841 1399 885 Male
1437 849 1566 885 tentat
1604 841 1798 895 Piehena,

264 918 449 959 minister
470 916 573 959 bello
590 917 737 958 clarus.

328 990 529 1033 Vitianus
557 990 737 1033 Annius.
798 989 864 1031 Ita
885 989 1022 1031 MSS.
1044 988 1168 1031 Harl
1201 989 1326 1033 Bodl.
1356 989 1445 1034 Jes.
1467 989 1614 1039 Guelf.
1632 989 1739 1047 Reg.
1758 997 1801 1033 et

267 1064 534 1106 Puteolanus.
573 1063 640 1110 In
662 1064 798 1107 MSS.
822 1063 933 1106 Flor.
956 1063 1086 1105 Corb.
1103 1071 1144 1105 et
1163 1063 1339 1106 editione
1359 1063 1559 1120 principe,
1583 1061 1801 1108 Vinimms.

267 1137 317 1179 In
358 1138 458 1180 MS.
501 1138 605 1192 Agr.
646 1137 687 1180 V
685 1138 858 1180 ι’)ηαηιιε.
939 1136 1094 1179 Mallet
1129 1137 1325 1191 Ryckius,
1375 1136 1634 1191 Vinicianus,
1670 1146 1718 1181 ut
1751 1138 1804 1181 sit

266 1212 376 1254 filius
397 1212 614 1264 Viniciani,
642 1228 772 1268 nepos
791 1211 917 1254 Annii
939 1210 1157 1262 Pollionis,
1188 1213 1239 1253 de
1259 1226 1343 1268 quo
1362 1210 1513 1255 Annal.
1536 1225 1600 1254 vx.
1620 1218 1664 1260 9.
1691 1220 1733 1255 et
1761 1211 1804 1255 in

270 1285 572 1341 Supplemento
594 1285 744 1328 Annal.
769 1300 839 1328 lx.
863 1291 933 1328 35.
1574 1276 1579 1279 ⁵
1626 1271 1631 1274 1

332 1358 498 1404 Quintae
519 1358 685 1416 legioni.
745 1359 884 1401 MSS.
908 1358 1029 1400 Harl.
1051 1358 1140 1401 Jes.
1164 1357 1347 1415 legionis.

329 1433 502 1475 Honore
532 1434 629 1490 ejus.
690 1432 858 1489 Lipsius
885 1432 1026 1474 mallet
1047 1432 1218 1474 honori.-
1251 1432 1436 1476 Pichena
1463 1432 1520 1476 ita
1549 1433 1686 1477 edidit.
1743 1434 1805 1477 At

270 1507 420 1550 honore
441 1507 572 1550 adhuc
592 1507 770 1550 occurrit
790 1506 895 1548 infra
911 1506 1025 1548 Hist.
1049 1521 1080 1547 1.
1101 1511 1173 1548 44.

330 1581 397 1623 Ac
417 1596 468 1624 ne
484 1589 685 1624 metueret.
747 1581 850 1623 MS.
873 1579 979 1635 Reg.
996 1595 1052 1622 an
1071 1594 1121 1622 ne
1141 1586 1347 1623 metueret.

330 1729 452 1772 CAP.
472 1735 543 1785 29.
576 1727 763 1771 Multum
781 1727 995 1785 praefatus.
1056 1727 1194 1771 MSS.
1217 1727 1340 1771 Harl.
1355 1729 1444 1773 Jes.
1458 1728 1608 1774 multa.
1640 1771 1644 1775 .

331 1803 554 1846 Sublatam
583 1802 730 1860 capite.
790 1801 927 1845 MSS.
950 1801 1072 1844 Harl.
1103 1801 1228 1844 Bodl.
1247 1802 1338 1846 Jes.
1356 1811 1398 1846 et
1422 1803 1623 1847 editiones
1638 1811 1809 1858 veteres,

273 1877 417 1935 capiti.

332 2022 453 2074 CAP.
484 2038 553 2076 30.
616 2032 830 2075 structam
861 2040 958 2075 ante
992 2030 1212 2090 Augurale
1241 2046 1373 2074 aram.
1434 2030 1551 2074 Bene
1582 2030 1750 2088 Lipsius
1768 2038 1814 2073 et

272 2105 533 2150 recentiores.
593 2106 645 2149 In
666 2107 802 2150 MSS.
822 2115 863 2149 et
894 2108 1094 2149 veteribus
1114 2105 1375 2157 editionibus,
1404 2104 1468 2148 vel
1487 2113 1684 2149 structam
1714 2106 1827 2151 ante·

276 2179 536 2236 Auguralem
555 2196 688 2232 aram,
710 2180 771 2224 vel
791 2188 947 2223 structa
964 2189 1059 2225 ante
1080 2180 1339 2236 Auguralem
1359 2194 1492 2221 arom.

335 2253 392 2296 In
417 2255 550 2311 majus
580 2254 788 2296 attollens.
849 2254 913 2297 Ita
936 2254 1071 2298 MSS.
1093 2254 1291 2296 editiones
1320 2261 1473 2295 veteres
1491 2261 1535 2296 et
1551 2233 1810 2301 recentiores

275 2326 325 2369 In
342 2327 484 2369 mediis
505 2327 717 2370 extollens

333 2399 509 2442 Postero
547 2401 626 2443 die.
687 2402 825 2444 MSS.
868 2402 978 2445 Flor.
1016 2370 1123 2458 Reg.
1166 2401 1295 2444 Corb.
1334 2400 1460 2449 editio
1496 2401 1700 2459 princeps.
1758 2402 1811 2447 In

275 2474 413 2517 MSS.
435 2474 557 2518 Harl.
580 2474 704 2518 Bodl.
725 2476 751 2519 J
758 2492 813 2518 es.
842 2476 951 2518 Bud.
974 2475 1115 2519 Guelf.
1136 2484 1178 2518 et
1199 2474 1464 2529 Puteolanus,
1475 2483 1694 2533 postremo.

334 2619 455 2663 CAP.
475 2626 544 2663 31.
579 2619 811 2677 Tantusque
831 2594 869 2663 ei
891 2620 1048 2664 Romae.
1108 2620 1246 2663 MSS.
1267 2619 1378 2663 Flor.
1407 2621 1513 2677 Reg.
1535 2620 1666 2665 Corb.
1685 2621 1811 2666 editio

213 2695 217 2699 ”
272 2693 466 2750 princeps
497 2703 538 2736 et
564 2694 822 2737 recentiores.
880 2694 923 2738 A
946 2694 1084 2738 MSS.
1106 2694 1228 2737 Harl.
1250 2687 1483 2740 B0d1.Jes.
1513 2704 1555 2739 et
1579 2695 1814 2740 Puteolrino

275 2770 404 2821 abest,
425 2767 477 2810 ei.

333 2841 433 2885 Non
452 2842 585 2884 merat
604 2841 772 2886 notitia.
813 2842 952 2887 MSS.
975 2839 1088 2886 Fl'or.
1114 2842 1221 2898 Reg.
1254 2841 1376 2885 Harl.
1399 2842 1524 2886 Bodl.
1541 2841 1644 2889 JeS.
1664 2843 1811 2889 Guelf.

273 2916 397 2959 editio
418 2916 609 2973 princeps
629 2924 670 2958 et
687 2915 945 2961 recentiores.
1003 2916 1056 2960 In
1076 2917 1179 2961 MS.
1202 2915 1332 2960 Corb.
1347 2924 1393 2960 et
1424 2912 1690 2974 Puteolams,
1707 2926 1816 2966 erat.
