1832 3230
228 183 307 223 470
576 159 578 161 ’
633 181 794 220 NOTAE
824 182 892 220 ET
919 174 1359 239 EMENDA‘r'mNEs

226 288 354 333 scuta,
375 279 418 322 in
437 280 573 323 medio
589 283 778 335 conserti,
795 299 842 325 ea
862 299 985 339 supra
1003 299 1046 326 se
1064 292 1105 326 et
1122 284 1296 341 reliquos
1312 284 1452 328 omnes
1467 284 1630 339 tollunt,
1642 282 1697 328 ita
1711 292 1758 328 ut

226 351 326 396 niliil
343 353 453 397 aliud
471 354 593 412 quam
615 355 746 412 clypei
761 373 832 413 per
852 365 980 399 totam
1001 357 1240 415 phalangem
1259 358 1576 415 conspiciamus,
1597 367 1758 402 omnes-
1778 394 1784 400 .

227 431 307 485 'que
338 438 507 485 propter
535 429 773 473 densitatem
801 431 901 473 aciei
922 430 946 472 εὶ
967 431 1055 473 telis
1076 433 1251 488 protecti
1280 432 1370 475 sint.
1431 432 1509 475 Est
1533 431 1641 475 etiim
1662 433 1757 475 ‘haec

225 503 466 559 clypeorum
502 505 681 546 densatio
711 506 814 547 adeo
848 505 979 556 firma,
1021 515 1066 547 ut
1099 514 1139 547 et
1177 521 1299 561 super
1328 522 1376 548 ea
1414 505 1567 562 ingredi
1602 505 1757 564 aliquot

224 577 410 618 homines
431 578 599 633 possint,
619 578 703 620 imo
724 579 817 636 equi
841 588 881 620 et
901 595 1040 622 currus
1061 579 1138 634 agi,
1159 579 1191 621 si
1212 579 1253 621 in
1282 596 1382 622 cavo
1405 595 1452 623 ac
1472 589 1644 636 angusto
1661 579 1756 623 loco

227 651 492 706 constipetur.
552 652 660 693 Haec
680 652 809 707 figura
829 662 890 696 est
913 653 1019 695 illius
1048 653 1165 704 aciei,
1195 669 1424 710 nomenque
1449 653 1518 697 illa
1548 654 1756 708 testudinis

226 734 397 780 propter
417 725 663 777 firmitatem,
694 742 740 768 ac
762 728 874 783 quod
894 732 977 768 tam
1006 727 1167 782 egregie
1189 727 1413 770 exercitum
1433 728 1625 784 contegit,
1649 727 1757 771 inve-

224 798 296 841 nit.
355 798 466 841 Usus
488 797 612 855 porro
633 802 720 857 ejus
740 801 890 856 duplex
910 809 985 843 cst.
1046 800 1159 842 Nam
1181 810 1251 843 aut
1269 801 1308 842 in
1325 803 1598 858 oppugnando
1619 801 1756 860 aliquo

226 873 408 925 castello,
430 874 537 915 fact&
565 875 778 924 testudine,
807 877 1030 916 succedunt
1056 876 1104 916 ad
1127 890 1303 927 murum,
1324 890 1372 917 ac
1393 892 1502 932 saepe
1523 891 1694 927 numero
1714 867 1764 920 iu¹

224 947 362 1001 ipsum
382 963 545 988 murum
573 949 771 1003 quosdam
793 949 842 989 ea
869 948 1084 991 attollunt:
1116 958 1186 990 aut
1213 947 1237 989 ὲ
1268 949 1478 1004 sagittariis
1499 950 1754 1002 circumdati,
1803 974 1809 980 ·

225 1035 366 1062 omnes
386 1036 491 1076 genu
509 1022 690 1063 nituntur
710 1022 844 1072 simul,
874 1024 986 1073 (nam
1008 1030 1049 1063 et
1067 1021 1160 1079 equi
1191 1022 1230 1064 in
1252 1038 1380 1077 genua
1409 1022 1598 1071 inclinare
1615 1025 1757 1067 adsue-

226 1095 324 1137 facti
349 1102 459 1150 sunt)
492 1095 684 1151 opinione
716 1098 766 1138 de
797 1112 852 1148 se,
886 1105 1078 1152 tanquam
1110 1094 1321 1148 confectis,
1357 1097 1527 1153 praebita
1555 1097 1754 1150 hostibus,

223 1169 509 1211 accedentibus
555 1170 627 1222 eis,
666 1171 847 1226 repente,
885 1186 959 1212 nec
997 1170 1081 1211 sine
1119 1178 1270 1212 terrore
1314 1186 1472 1223 eorum,
1506 1171 1757 1228 insurgunt‚”

226 1243 328 1294 Dio,
351 1256 491 1285 xmx.
512 1260 553 1299 p.
575 1250 674 1292 409.
734 1243 961 1300 Imaginem
982 1243 1193 1297 testudinis
1223 1245 1353 1286 adhuc
1373 1245 1507 1287 videre
1521 1253 1587 1299 *est
1605 1245 1753 1288 Romae

221 1318 261 1360 in
277 1318 447 1374 Trajuni
467 1318 676 1360 columna.

281 1392 445 1434 Mirum
471 1393 567 1434 vero
588 1391 713 1448 quam
742 1392 830 1434 haec
853 1407 949 1434 cum
978 1391 1128 1433 Tacito
1149 1393 1413 1435 consentiant.
1474 1393 1540 1452 Ex
1566 1393 1614 1436 iis
1642 1393 1752 1437 enim
1807 1434 1810 1437 .

220 1467 421 1523 intelligas
441 1466 666 1524 quomodo,
686 1465 836 1508 Annal.
859 1481 974 1508 xxii.
997 1471 1065 1514 39.
1129 1466 1195 1508 Hi
1216 1471 1243 1491 “
1262 1466 1303 1508 in
1323 1467 1565 1510 testudinem
1584 1467 1754 1524 conglo-

220 1542 305 1583 bati
325 1529 557 1583 subruendo
584 1539 690 1582 vallo
704 1539 1014 1585 '’inducuntur.
1046 1539 1160 1583 Hist.
1185 1554 1261 1582 111.
1283 1546 1353 1586 27.
1393 1541 1468 1583 Ad
1498 1540 1753 1585 Brixianam

216 1623 397 1674 portam,
418 1614 525 1656 “alii
545 1613 683 1665 falces,
706 1613 918 1670 scalasque
938 1622 1203 1656 convectant:
1233 1623 1319 1656 tum
1340 1614 1454 1657 elatis
1473 1608 1596 1672 super
1613 1616 1752 1673 capita

219 1680 343 1733 scutis
364 1689 489 1732 densa
514 1688 712 1731 testudine
731 1689 967 1731 succedunt.
1028 1688 1227 1730 Romanae
1256 1688 1460 1746 utrimque
1484 1692 1616 1733 artes:
1646 1703 1751 1747 pon·
1782 1732 1785 1734 ,

219 1767 314 1808 dera
331 1779 520 1807 saxorum
540 1762 746 1805 Vitelliani
765 1761 1033 1818 provolvunt:
1065 1763 1277 1819 disjectam
1302 1762 1610 1821 fluitantemque
1626 1764 1752 1811 testu·

219 1840 354 1893 (linem
370 1838 519 1880 lanceis
534 1836 744 1892 contisque
760 1844 1001 1887 scrutantur,
1015 1838 1143 1879 donec
1161 1836 1296 1879 soluta
1309 1825 1510 1893 compage
1524 1837 1749 1893 scutorum,

218 1930 420 1970 exangues
442 1910 685 1954 aut'laceros
702 1919 998 1967 prosternerent
1015 1910 1143 1952 multa
1160 1927 1252 1952 cum
1271 1913 1442 1967 strage.”
1462 1911 1574 1970 Hist.
1590 1927 1665 1956 ΠΙ.
1679 1919 1750 1958 28.

219 1994 246 2014 “
270 1990 371 2030 Non
393 1988 483 2044 jam
515 1986 688 2042 sanguis,
718 2000 850 2041 neque
881 1984 1045 2026 vulnera
1078 1987 1355 2038 morabantur,
1389 1986 1486 2042 quin
1511 1988 1750 2030 subruerent

218 2063 382 2113 vallum,
415 2069 717 2118 quaterentque.
743 2067 895 2115 portas,
936 2058 1063 2100 innixi
1101 2058 1291 2109 humeris,
1326 2065 1367 2101 et
1404 2075 1527 2116 super
1552 2059 1746 2105 iteratam

217 2126 459 2181 testudinem
505 2135 755 2183 scandentes,
804 2133 1089 2188 prehensarent
1136 2132 1314 2175 hostium
1363 2133 1443 2176 tela
1490 2133 1748 2190 brachiaque,

216 2210 362 2266 integri
381 2225 476 2251 cum
493 2207 652 2257 sauciis,
668 2206 888 2260 semineces
905 2222 1000 2248 cum
1015 2206 1292 2262 expirantibus
1310 2206 1604 2250 volverentur.”
1632 2209 1746 2251 Hist.

219 2301 282 2328 lv.
304 2291 373 2327 23.
404 2288 431 2308 “
458 2282 639 2324 Invasere
661 2280 825 2332 vallum,
846 2280 1044 2337 appositis
1077 2279 1260 2336 plerique
1279 2280 1409 2334 scalis,
1441 2281 1508 2325 alii
1527 2298 1603 2338 per
1621 2291 1748 2325 testu-

151 2375 163 2382 *
216 2360 351 2402 dinem
391 2355 598 2399 suorum.‘''
655 2354 754 2396 Alia
786 2354 965 2409 plurima
999 2370 1048 2396 ex
1088 2354 1174 2396 aliis
1209 2354 1488 2411 scriptoribus,
1526 2366 1748 2412 congerere

213 2432 334 2476 facile
355 2433 474 2483 foret,
495 2445 585 2486 quae
608 2427 756 2470 Dionis
782 2428 1094 2485 descriptionem
1122 2429 1421 2471 confirmarent.
1479 2423 1541 2472 At
1571 2429 1664 2472 satis
1680 2429 1746 2474 *sit

212 2504 395 2549 historici
416 2498 791 2560 prudentissimi,in
812 2503 903 2558 ipsa
923 2501 1082 2544 militari
1102 2511 1187 2560 arte.
1206 2502 1430 2556 exercitati,
1451 2519 1514 2545 res
1534 2511 1653 2546 aetate
1668 2503 1743 2546 sui

211 2589 344 2636 gestas
375 2577 584 2630 narrantis,
618 2563 900 2620 auctoritatem
931 2576 1159 2627 adduxisse,
1199 2585 1245 2618 ut
1275 2591 1366 2633 quae
1395 2577 1583 2620 adversus
1616 2584 1744 2621 testu·

213 2655 348 2697 dinem
375 2652 607 2699 Romanam
637 2666 767 2707 nuper
786 2659 1041 2693 commentus
1062 2657 1123 2692 est
1146 2665 1287 2692 recens
1304 2658 1346 2692 et
1364 2650 1595 2706 ingeniosus
1615 2651 1744 2710 scrip-

212 2736 290 2780 tor,
311 2728 383 2769 sed
411 2725 626 2784 παραδόξων
645 2724 770 2781 paulo
791 2724 1004 2776 amantior,
1034 2723 1216 2785 literatus
1236 2724 1408 2781 quisque
1427 2724 1631 2782 dijudicet.
1690 2725 1743 2770 In

210 2784 412 2844 testudine
433 2799 639 2850 Romana,
668 2799 830 2855 qualem
859 2798 959 2851 Dio,
985 2789 1170 2849 Tacitus,
1197 2798 1344 2855 aliique
1365 2798 1582 2856 scriptores
1602 2799 1742 2843 Graeci

209 2892 256 2919 ac
294 2874 444 2927 Latini,
482 2882 524 2916 et
556 2870 750 2916 columna
778 2873 960 2929 Trajani,
993 2873 1198 2925 exhibent,
1229 2872 1366 2915 omnia
1394 2872 1468 2916 arti
1497 2871 1662 2916 militari
1698 2881 1742 2916 et
