1832 3230
228 162 308 197 424
618 157 782 197 NOTAE
811 158 878 197 ET
907 156 1348 196 EMENDATIONES

286 255 355 298 Cl.
377 255 574 308 Oiselius,
599 257 827 301 Thesaurus
851 258 994 301 Select.
1029 257 1278 301 Numismat.
1307 258 1402 300 Tab
1426 269 1491 300 σι.
1507 270 1552 300 ιιι.
1569 261 1612 304 7.
1636 270 1759 300 num-

227 345 342 373 mum
365 330 528 373 Claudii
547 333 671 374 edidit
689 348 784 375 cum
803 331 1046 375 naumachia
1061 341 1102 374 et
1120 332 1354 388 epigraphe,
1384 338 1427 373 N
1429 338 1452 374 Ι
1456 337 1546 374 ΚΑ.
1576 337 1620 374 Ν
1622 336 1759 378 Mu<-

228 410 299 447 ΡΑ
312 410 446 447 ΤΩΝ.
479 411 764 449 ΚΛΠΙΤΩΛ.
825 406 875 448 Id
909 414 985 458 est,
1014 407 1187 449 victoria
1220 405 1518 448 classiariorum
1551 404 1760 462 Capitoli-

229 493 397 521 norum:
429 480 637 522 contendit
654 480 695 522 id
713 482 821 522 haud
840 479 965 523 dubie
987 481 1187 536 pertinere
1206 481 1256 521 ad
1277 478 1441 522 Claudii
1459 478 1757 532 naumachiam,

189 563 194 567 '
229 554 280 594 de
299 553 382 609 qua
400 554 526 595 mode
546 554 714 608 egimus.
774 555 848 606 At,
879 554 943 595 vel
978 554 1138 610 spurius
1170 563 1231 596 est
1262 553 1328 595 hic
1363 568 1567 605 nummus,
1609 551 1673 595 {rel
1707 554 1759 603 ad

228 626 351 669 aliam
373 626 537 670 Claudii
556 628 837 670 naumachiam
867 628 1052 684 pertinet.
1114 628 1224 670 Chm
1257 627 1365 669 enim
1398 627 1440 669 in
1473 626 1566 669 lacu
1599 625 1759 672 Fucino

228 702 493 756 pugnaverint
513 703 671 744 tantum
693 702 868 744 Rhodiae
898 711 939 744 et
968 702 1118 744 Siculae
1149 701 1310 754 classes,
1339 716 1421 744 non
1454 701 1594 757 potuit
1609 715 1760 745 nomen

217 773 426 817 -victorum
448 791 533 817 esse
552 782 627 818 NA
642 782 782 818 YKPA
795 781 929 818 ΤΩΝ.
964 782 1038 817 ΚΑ
1052 782 1256 818 ΠΙΤΩΛ.

287 849 354 891 Ac
372 857 506 893 tamen
526 851 717 906 spatium.
778 850 915 892 MSS.
934 849 1130 892 editiones
1147 859 1300 892 veteres
1319 858 1360 892 et
1390 849 1601 892 Ernestus.
1645 847 1759 891 Rhe·

228 938 369 976 nanus,
399 931 595 966 attamen.
1566 975 1569 977 μ
1595 926 1598 928 ’

290 998 422 1040 Tectis
441 998 628 1041 navibus.
689 998 753 1042 Ita
778 998 915 1041 MSS.
951 1007 992 1041 et
1022 998 1118 1040 edit.
1151 1004 1318 1040 veteres.
1378 997 1498 1041 Male
1519 996 1759 1050 Beroaldus,

228 1074 359 1116 rectis.

287 1232 406 1274 CAP.
437 1238 507 1279 57.
543 1231 755 1274 Convulse's
774 1232 1049 1277 ulterioribus.
1091 1232 1154 1275 Ita
1174 1233 1267 1275 libri
1288 1247 1428 1275 omnes
1448 1230 1544 1274 editi
1562 1230 1604 1274 in
1619 1229 1756 1274 MSS.

228 1306 350 1348 Harl.
367 1313 408 1347 et
422 1306 450 1349 J
454 1322 509 1347 es.
531 1306 728 1349 convulsis
747 1306 1009 1349 ulterioribus
1028 1307 1232 1350 subliciis:
1263 1306 1304 1348 in
1319 1305 1495 1362 margine
1510 1305 1614 1348 MS.
1631 1303 1756 1348 Bodl.

224 1379 408 1423 subliciis
426 1380 700 1423 ulterioribus.
1478 1424 1482 1426 ,

287 1454 437 1497 Sonitu
476 1456 693 1498 exterritis.
755 1454 1008 1498 Puteolanus
1041 1462 1082 1497 et
1114 1454 1371 1498 recentiores.
1430 1453 1481 1497 In
1514 1453 1619 1501 MS.
1650 1453 1756 1510 Reg.

227 1537 268 1572 et
288 1528 464 1571 editione
481 1529 678 1586 principe,
699 1530 897 1573 exterriti.
1644 1534 1647 1537 ’

270 1698 405 1742 ΟΜ».
441 1705 509 1742 58.
555 1699 705 1742 δῖονίἂ
735 1699 958 1742 nitesceret.
1018 1700 1122 1742 MS.
1154 1699 1259 1755 Reg.
1291 1708 1332 1742 et
1366 1698 1562 1751 editiones
1589 1705 1758 1742 veteres.

226 1773 278 1817 In
298 1764 405 1816 MS.
425 1773 537 1816 Flor.
568 1776 609 1816 et
631 1773 696 1817 Cl.
720 1773 975 1827 Lallemand‚
1007 1774 1250 1816 enitesceret.
1295 1773 1461 1816 Frustra
1480 1781 1607 1816 tentat
1625 1772 1758 1816 Gros-

224 1847 364 1900 lotius,
395 1855 620 1891 notesceret.

286 1921 516 1965 Iliensium.
561 1921 739 1964 Causam
757 1922 1153 1979 magnitudinemque
1173 1937 1314 1964 eorum
1334 1921 1596 1965 immunitatis
1612 1920 1757 1979 paucis

225 2006 406 2041 recenset
429 1995 699 2048 Callistratus,
733 1996 894 2052 Digest.
915 1996 1007 2039 libr.
1032 2011 1192 2039 xxvii.
1221 1996 1309 2039 Tit.
1335 2004 1371 2038 1.
1397 1997 1448 2038 de
1469 1995 1758 2040 Excusationi-

225 2075 317 2115 bus.
378 2070 480 2126 Leg.
510 2077 571 2117 17.
604 2075 631 2095 “
649 2070 865 2113 Iliensibus
900 2079 941 2112 et
971 2078 1140 2127 propter
1174 2070 1366 2127 inclytam
1385 2067 1642 2114 nobilitatem
1661 2070 1757 2113 civi-

224 2146 330 2198 tatis,
362 2155 402 2187 et
422 2154 591 2202 propter
625 2145 957 2202 conjunctionem
994 2144 1157 2199 originis
1179 2145 1391 2198 Romanae,
1414 2146 1505 2202 jam
1536 2144 1755 2203 antiquitus

223 2215 264 2262 εὶ
283 2218 639 2261 senatusconsultis
659 2228 699 2260 et
721 2219 1075 2262 constitutionibus
1098 2210 1335 2274 Principum
1354 2217 1590 2275 plenissima
1606 2218 1757 2264 immu-

221 2294 326 2336 nitas
347 2294 497 2336 tributa
520 2302 605 2355 ¹est,
637 2300 693 2338 ut,
711 2292 832 2334 etiam
865 2292 999 2336 tutelae
1035 2293 1336 2336 excusationem
1368 2293 1570 2337 habeant:
1595 2289 1758 2347 ⁴scilicet

222 2384 364 2411 eorum
404 2367 670 2423 pupillorum,
729 2367 799 2423 qui
839 2366 1007 2409 Ilienses
1043 2383 1123 2409 non
1163 2367 1252 2409 sint.
1312 2366 1444 2423 quue
1480 2365 1612 2411 Divus
1654 2366 1755 2410 Pius

193 2447 195 2449 ’
220 2441 468 2498 rescripsit.''
514 2442 570 2483 Et
606 2440 821 2498 Ulpianus,
854 2441 1016 2497 Digest.
1035 2442 1127 2484 libr.
1151 2456 1190 2484 1..
1211 2441 1297 2484 Tit.
1323 2448 1359 2483 1.
1380 2441 1431 2483 ad
1451 2439 1753 2497 Municipalem

217 2518 331 2558 etde
352 2515 518 2558 Incolis.
581 2515 682 2570 Leg.
719 2522 754 2557 1.
799 2521 827 2541 “
847 2515 1064 2558 Iliensibus
1098 2531 1336 2558 concessum
1367 2523 1441 2568 est,
1471 2526 1516 2559 ut
1535 2509 1607 2572 qu'i
1625 2524 1753 2560 matre

220 2589 359 2635 Iliensi
380 2599 452 2642 est,
484 2589 534 2632 sit
554 2605 694 2632 eorum
714 2589 967 2645 municeps.''
1571 2636 1574 2640 ⁴
1781 2638 1783 2640 μ

283 2663 429 2706 Vetera
450 2663 655 2721 facunde.
717 2660 939 2706 Rhenanus
984 2672 1025 2706 et
1059 2663 1180 2720 vulgi>
1215 2662 1470 2706 recentiores.
1528 2662 1579 2705 In
1613 2661 1750 2708 MSS.
1805 2700 1809 2703 .

199 2739 326 2794 ·Reg.
367 2737 488 2781 Harl.
522 2738 610 2781 Jes‘.
650 2745 690 2779 et
727 2737 905 2780 editione
944 2738 1140 2794 principe,
1185 2729 1293 2780 vera'
1308 2736 1515 2796 facunde.
1568 2732 1624 2779 'In
1645 2727 1747 2780 MS.

220 2811 344 2857 Bodl.
364 2811 699 2870 verdfecundie3
731 2813 836 2853 unde
856 2812 962 2854 forte
985 2811 1252 2864 Puteolanus,
1282 2796 1380 2855 verti
1383 2811 1667 2870 facunditate.
1697 2809 1748 2854 In
