1832 3230
227 158 307 196 482
496 167 499 170 ·
635 157 799 198 No'rAE
828 159 896 197 ET
925 157 1043 196 EME
1046 148 1367 197 Nummum

290 255 374 301 His
392 258 568 301 breviter
599 260 832 318 cursimque
865 229 1101 312 observatis,
1140 259 1259 303 locus
1293 274 1402 302 nunc
1441 259 1571 302 foret
1583 259 1767 312 anirnad-

229 340 400 387 vertere,
421 330 547 389 quam
562 333 789 390 diligentes,
824 333 949 391 qnam
979 333 1176 388 expediti,
1198 334 1347 376 fuerint
1376 323 1626 377 Romnum
1650 348 1771 391 pera·

228 407 364 462 gendo
404 414 547 459 chnsu
594 408 707 450 novis
755 406 975 464 provinciis
1021 406 1201 462 regnisve
1250 407 1424 463 imperio
1468 421 1543 449 suo
1593 407 1768 458 additis:

231 482 387 537 quanta
415 481 583 524 solerti-a
613 481 701 524 aliis
731 482 893 534 tributa,
924 481 1013 523 aliis
1044 480 1244 536 stipendia
1279 480 1563 536 imponerent:
1594 495 1698 538 quos
1728 488 1770 523 et

232 554 382 611 quibus
400 555 576 611 legibus,
606 571 724 611 agros
745 555 962 610 vectigales
982 554 1177 597 fecerint:
1209 565 1311 611 quot
1332 553 1592 609 vectigalium
1611 554 1769 611 species

231 644 280 671 ac
314 629 481 671 nomina
514 630 756 685 repererint:
799 645 890 686 quae
921 637 1055 671 essent
1089 628 1413 684 publicanorum,
1456 628 1619 688 quibs*-
1648 628 1773 681 vecti·-

231 702 339 759 galia
389 719 463 758 per
519 704 838 760 quinquennium
886 705 1229 755 conducebantur,
1288 702 1526 745 societates:
1583 690 1770 759 quaenam

231 786 366 819 essent
395 776 591 833 portoria,
622 793 712 834 quae
743 777 1010 834 monopolia:
1043 791 1147 832 quos
1167 776 1316 818 reditus
1337 791 1387 818 ex
1407 775 1771 832 metallis‚.lapici-

231 850 351 903 dinis,
370 850 506 893 salinis
525 851 784 907 perciperent
801 869 809 895 :
842 851 966 908 quam
986 850 1083 892 varii
1102 850 1143 892 in
1162 851 1224 892 his
1245 850 1434 892 omnibus
1464 847 1702 905 reipublicae
1728 857 1772 892 et

231 923 394 981 imperii
412 940 525 967 usus.
586 925 647 966 At
663 925 751 967 haec
771 924 1004 979 singillatim
1023 924 1215 980 persequi
1234 922 1394 978 longius
1425 924 1560 978 foret,
1549 940 1558 949 ·
1589 938 1664 974 nec
1692 939 1770 980 pro

232 998 291 1043 rei
310 998 520 1055 gravitate,
538 997 610 1040 nisi
630 998 820 1054 singulari
840 999 960 1050 libro,
981 1006 1152 1054 possunt
1172 996 1383 1052 explicari.

293 1071 343 1114 Id
363 1087 489 1114 unum
510 1073 822 1124 observaverim,
844 1072 970 1114 nihil
962 1087 1003 1114 in
1034 1071 1294 1114 oeconomica
1325 1087 1369 1113 re
1399 1071 1586 1128 imperii.
1591 1071 1772 1122 Romani

192 1142 195 1145 ¹
234 1147 358 1190 fuisse
393 1161 590 1203 umquam
621 1146 862 1198 mirabilius,
883 1144 1008 1201 quam
1041 1144 1082 1186 in
1112 1145 1350 1200 peragendis
1378 1145 1565 1186 censibus
1597 1134 1784 1189 dexteri--

234 1228 362 1262 tatem
391 1235 438 1261 ac
472 1219 721 1262 facilitatem.
781 1218 921 1274 Vulgo
942 1213 1052 1273 apud
1078 1232 1153 1259 nos
1187 1226 1398 1273 receptum
1423 1215 1502 1271 ut,
1533 1219 1700 1262 censum
1730 1219 1772 1262 in

233 1293 324 1335 tota
344 1292 487 1336 Gallia
526 1293 670 1350 peragi
700 1308 783 1335 non
821 1307 942 1347 posse
980 1290 1056 1332 nisi
1095 1290 1200 1332 intra
1237 1290 1454 1333 duodecim
1492 1291 1772 1351 quindecimve

234 1381 376 1419 annos,
397 1382 472 1408 uec
511 1365 596 1421 sine
629 1364 815 1422 expensa
844 1363 969 1419 Angl.
1001 1363 1217 1415 800‚oool.
1248 1371 1319 1405 aut
1348 1364 1566 1417 900,ole.
1625 1363 1773 1407 Minus

235 1441 346 1483 certe
365 1439 563 1495 temporis
597 1456 645 1482 ac
672 1439 936 1496 pecuniarum
956 1438 1247 1493 impendebant
1268 1437 1460 1490 Romani,
1480 1437 1660 1496 alioquin
1690 1452 1775 1493 non

235 1514 291 1557 ita
323 1515 511 1571 frequens
545 1515 658 1570 apud
693 1529 764 1556 eos
795 1513 937 1555 fuisset
976 1527 1176 1553 censuum
1212 1505 1419 1553 confectio
1457 1521 1529 1554 aut
1567 1511 1774 1569 repetitio.

237 1589 405 1636 Quanta
425 1586 559 1630 autem
581 1588 623 1629 in
642 1588 752 1629 recte
772 1586 963 1629 institutis
983 1585 1172 1628 censibus
1193 1585 1244 1628 sit
1262 1583 1442 1641 imperiis
1461 1583 1628 1639 utilitas,
1648 1601 1775 1643 quan·
1803 1615 1807 1618 -

236 1671 325 1704 tum
344 1660 513 1717 populis
531 1661 816 1714 levamentum,
837 1661 988 1703 norunt
1007 1674 1166 1702 omnes.
1251 1694 1265 1700 t„

299 1735 340 1789 T
336 1750 404 1778 um
425 1734 631 1778 libertate.
695 1734 800 1777 Tam
818 1733 956 1777 omisit
978 1732 1242 1775 Puteolanus.
1293 1731 1345 1776 In
1375 1733 1514 1777 MSS.
1536 1734 1658 1778 Harl.
1683 1734 1774 1783 JeS.

237 1825 341 1854 cum.
1248 1795 1255 1801 ‚

297 1884 522 1928 Necessitas
541 1883 839 1941 erogationum.
899 1879 1166 1934 Puteolanus,
1184 1880 1500 1939 irrogationum.
1529 1879 1580 1924 In
1599 1880 1777 1925 editione

236 1953 443 2015 principe,
460 1958 778 2015 errogacionam.

295 2112 416 2153 CAP.
436 2114 507 2152 51.
543 2108 874 2166 Quadragesimae
913 2110 1346 2168 quinquagesimaeque.
1419 2111 1536 2154 Bene
1578 2110 1775 2154 Puteola-

237 2201 327 2227 nus.
389 2185 613 2239 Perperam
647 2183 689 2224 in
727 2183 903 2226 editione
938 2184 1201 2240 principe'et‘
1229 2184 1270 2226 in
1301 2185 1439 2228 MSS.
1474 2184 1610 2228 Vatic.
1649 2186 1773 2229 1863.

227 2259 352 2302 ‘1864
371 2265 412 2299 et
439 2263 559 2306 1958.
582 2273 658 2312 pro
680 2257 1013 2316 quadragesimae,
1034 2259 1234 2314 scriptum
1254 2257 1674 2320 quadringentesima
1723 2257 1776 2300 ln

237 2330 377 2374 MSS.
398 2330 521 2374 Harl.
544 2330 669 2373 Bodl.
689 2331 718 2374 J
721 2347 778 2374 es.
802 2332 1196 2390 quadragintesimae.
1256 2333 1606 2392 Quinquagesima
1635 2342 1777 2379 autem

211 2402 306 2447 ‘illa
325 2405 432 2447 forte
453 2405 750 2447 fuit‘venalium
771 2405 1014 2448 eduliorum.
1072 2406 1123 2448 Id
1156 2405 1265 2449 enim
1300 2408 1531 2463 portorium
1563 2407 1775 2472 induxerat

236 2477 440 2534 Caligula.
501 2477 552 2519 In
580 2478 749 2533 gratiam
784 2478 917 2534 plebis
951 2480 1162 2523 remissum
1201 2480 1323 2524 fuisse
1353 2481 1516 2524 macelli
1543 2482 1774 2538 portorium

233 2549 406 2595 testatur
445 2546 618 2608 Plinius,
641 2566 749 2596 xxx.
770 2559 812 2595 4.
872 2557 898 2578 ‘⁴
916 2553 983 2595 Ex
1013 2553 1134 2596 horto
1173 2554 1311 2610 plebei
1349 2550 1772 2613 macellum-..Itaque

232 2626 400 2670 hercule
419 2625 577 2668 nullum
611 2625 772 2668 macelli
791 2627 962 2682 vectigal
984 2628 1115 2684 majus
1149 2629 1227 2670 fuit
1259 2629 1421 2683 Romae,
1441 2629 1618 2675 clamore
1638 2629 1774 2687 plebis

230 2698 453 2742 incusantis
473 2699 583 2756 apud
604 2714 743 2743 omnes
779 2699 1006 2756 Piiucipes‚
1038 2702 1181 2743 donec
1202 2696 1415 2748 remissum
1446 2711 1509 2747 est
1541 2703 1775 2785 portorium

233 2774 379 2819 mercis
387 2774 559 2833 hujusl'
