1858 3224
346 156 425 195 AD
454 152 556 194 Lm.
585 154 680 194 XII.
708 154 846 194 ANN.
874 154 920 193 C.
949 152 1116 193 CORN.
1144 154 1343 194 TACITI.
1536 155 1616 200 877

137 258 318 316 Stirpem
337 258 537 302 nobilem·
551 280 564 294 ·
581 281 594 295 ·
609 273 718 315 ·quce
743 264 934 315 posteros·
999 256 1101 303 Quce
1130 257 1355 299 redundare
1374 256 1620 312 opinabatur

45 386 50 397 Ι
79 333 292 382 Muretus.
350 332 478 376 Certe
513 332 547 375 si
581 348 660 375 vox
693 331 764 378 illa
793 333 968 385 abesset,
1001 330 1161 374 citatior
1197 330 1473 388 illustriorque
1511 333 1620 375 foret

77 408 223 461 oratio.
283 406 414 451 Haud
435 415 571 450 tamen
590 407 734 449 vitiosa
754 415 830 449 est.
889 407 1057 450 Frustra
1075 405 1172 461 ergo
1203 404 1322 447 multi
1347 405 1455 448 huuc
1475 405 1617 449 locum

77 498 289 536 vexavere,
308 498 413 541 quos
445 481 549 526 inter
582 481 793 533 Heinsius,
826 481 897 538 qui
926 481 982 523 ita
1011 480 1266 532 emendabat,
1294 479 1422 536 stirpe
1441 479 1619 526 nobilem

77 557 375 626 Agrippinum,
389 555 621 615 etfamiliae
642 556 772 600 Juliae
796 555 1065 613 Claudiaeque
1072 561 1253 612 posteros
1274 555 1531 613 conjungere.

136 633 430 692 Necfoemina.
468 631 535 676 Ita
549 631 654 674 MS.
677 631 783 687 Reg.
804 630 1066 687 postulatque
1085 628 1274 672 narratio.
1306 627 1424 671 Libri
1436 629 1533 672 editi
1554 646 1617 674 ne.

124 709 330 767 ..Expertae
353 706 662 767 facunditatis.
723 705 864 749 Editio
904 705 1096 762 princeps
1134 711 1299 762 experta
1325 705 1615 763 foecunditati.

79 783 272 842 Eaperta·
297 798 464 842 quoque
491 782 532 824 in
562 781 700 824 MSS.
733 779 856 823 Harl.
889 778 1015 823 Bodl.
1045 788 1087 822 et
1116 778 1142 823 J
1148 794 1204 822 eS.
1263 778 1384 822 Unde
1414 781 1520 824 forte
1546 781 1614 824 hic

76 858 294 917 legendum
309 855 773 915 expertcifoecunditate.

135 1003 258 1048 CAP.
287 1009 331 1047 3.
365 1002 468 1048 Quae
486 1002 544 1046 a'd
561 1017 664 1045 eum.
729 1001 831 1049 Quae
861 1003 978 1050 abes-t
1010 1000 1036 1043 a
1066 1000 1204 1044 MSS.
1229 999 1350 1043 Harl.
1380 1000 1505 1044 Bodl.
1524 1002 1612 1046 Jes.

78 1078 225 1126 Guels.
243 1087 288 1122 et
303 1077 550 1120 editionibus
572 1076 790 1119 Puteolani
810 1086 852 1120 et
872 1076 1080 1119 Beroaldi.
1140 1075 1262 1119 Licet
1279 1090 1362 1118 non
1381 1075 1496 1119 valde
1517 1077 1615 1120 arri·

75 1155 185 1205 dent,
204 1151 318 1198 nolui
343 1161 479 1200 tamen
497 1152 700 1204 omittere,
731 1151 842 1208 quod
866 1152 1103 1194 defendatur
1133 1149 1372 1194 auctoritate
1390 1151 1615 1195 multorum

77 1228 218 1275 MSS.
230 1228 420 1271 codicum
435 1235 477 1270 et
491 1226 677 1270 editionis
692 1226 888 1284 principis
904 1226 1156 1283 aliarumque
1173 1224 1625 1282 praestantissimarum)

135 1303 242 1358 Alia
275 1302 446 1346 clarum.
492 1301 607 1353 Bene
629 1301 766 1344 MSS.
789 1301 901 1344 Flor.
922 1301 1057 1344 Vatic.
1091 1300 1259 1357 Lipsius
1286 1309 1328 1343 et
1357 1301 1613 1345 recentiores.

72 1372 210 1426 'Haud
223 1379 282 1422 ita
301 1377 506 1435 eleganter
524 1378 567 1420 in
587 1376 725 1420 MSS.
744 1376 868 1419 Harl.
890 1376 1015 1428 Bodl.
1031 1375 1059 1419 J
1063 1391 1120 1418 es.
1141 1374 1286 1419 Guelf.
1306 1384 1348 1418 et
1369 1375 1614 1420 editionibus

0 1471 3 1474 ·
74 1454 279 1499 veteribus
296 1453 417 1496 alitis.
438 1484 441 1487 -

119 1528 237 1596 'Nisi
264 1528 417 1587 indita.
476 1526 631 1571 Mallet
662 1503 860 1570 Muretus
891 1525 1064 1569 indicta.
1125 1525 1305 1569 Minime
1338 1534 1474 1569 tamen
1500 1542 1614 1584 sper-

74 1599 252 1651 nendum
271 1603 423 1671 indita.

7 1816 15 1823 .
133 1755 255 1800 CAP.
284 1760 328 1798 4.
361 1752 501 1797 Serere
519 1752 707 1796 crimina.
769 1751 887 1794 Bene
911 1749 1163 1793 Puteolanus
1183 1758 1225 1792 et
1244 1749 1501 1793 recentiores.
1551 1750 1616 1794 Ita

74 1846 243 1892 quoque
267 1829 528 1873 emendatum
557 1827 599 1869 in
629 1827 733 1870 MS.
761 1826 896 1870 vatic.
934 1830 1057 1874 1958
1117 1824 1168 1867 ln
1197 1824 1335 1868 MSS.
1365 1833 1408 1867 et
1437 1825 1615 1868 editione

75 1903 406 1966 principe-ferre.

119 1981 425 2039 Fratrumqwe.
484 1977 556 2022 Sic
588 1975 727 2020 MSS.
749 1975 863 2018 Flor.
894 1974 1030 2018 Vatic.
1061 1974 1167 2030 Reg.
1198 1981 1240 2017 et
1268 1972 1395 2017 editio
1425 1950 1616 2031 princeps

72 2065 300 2114 ceteraeque
327 2054 512 2112 optimae.
570 2050 824 2096 Puteolanus
845 2059 891 2093 ut
919 2059 961 2093 et
988 2049 1108 2092 multi
1129 2049 1266 2094 MSS.
1271 2047 1446 2107 fratr-w.
1510 2049 1615 2092 MS.

74 2127 446 2192 Agr.fraternum.
504 2128 649 2171 Frater
669 2128 720 2168 de
739 2127 862 2167 fratre
888 2140 936 2169 ac
955 2140 1094 2167 sorore
1114 2122 1224 2165 dici
1205 2139 1296 2181 Jam
1316 2122 1614 2181 lexicographis

73 2206 245 2265 aliisque
262 2203 403 2249 multis
417 2210 511 2246 ante
529 2217 605 2245 nos
621 2203 895 2243 observatum.

131 2321 347 2398 Cius..
375 2349 574 2395 Deduc-tce
606 2350 652 2392 in
682 2348 846 2392 domum
870 2346 1020 2404 patrui
1034 2345 1200 2404 fratris
1209 2345 1336 2403 filiae.
1401 2345 1568 2403 Lipsius
1590 2348 1614 2390 ὲ

73 2427 179 2475 MS.
196 2428 364 2473 Fames.
424 2426 494 2469 Sic
513 2433 554 2468 et
572 2424 685 2468 Flor.
728 2423 779 2466 In
800 2422 904 2466 MS.
924 2421 1062 2466 vatic.
1084 2415 1410 2465 1864ssdeducte.
1473 2421 1612 2465 Ceteri

73 2504 214 2550 MSS.
234 2512 276 2546 et
294 2501 492 2545 editiones
511 2509 667 2543 veteres
687 2496 861 2542 deducta
883 2530 892 2539 .
915 2529 925 2539 .
949 2529 958 2539 .
981 2530 990 2539 .
999 2495 1118 2554 filia.

131 2577 195 2622 Et
231 2576 439 2621 comem-ui
475 2576 687 2633 imparem.
748 2574 851 2617 MS.
885 2573 992 2628 Reg.
1033 2579 1075 2614 et
1113 2569 1369 2615 Puteolanus
1407 2585 1610 2615 consensu.

72 2652 286 2712 copulam
305 2660 344 2696 et
361 2651 536 2695 deletam
556 2649 762 2693 immerito
782 2648 870 2691 vult
890 2647 1071 2704 Lipsius.

131 2727 425 2786 Swnmamque
460 2724 764 2783 rempublicam.
825 2722 930 2766 MS.
951 2723 986 2765 F
988 2707 1065 2765 lor.
1099 2720 1266 2777 Lipsius
1285 2728 1326 2763 et
1354 2720 1612 2764 recentiores.

69 2798 425 2861 Mii'm'publicae.
483 2799 633 2844 Latine
653 2807 887 2856 utrumque.

128 2877 335 2923 Censoriae
352 2876 508 2920 mentiS.
568 2874 690 2920 Male
710 2873 876 2933 quidam
896 2880 1050 2916 tentant
1073 2870 1267 2915 Caesareae
1283 2870 1441 2914 mentis.
