1832 3230
211 177 290 221 5518
623 174 787 215 NOTAE
815 176 885 215 ET
912 176 1355 219 EMENDATIONES

269 275 383 340 Quid
402 290 510 317 nunc
531 275 702 333 eloquar
722 284 875 320 tantam
897 277 984 320 auri
1003 278 1086 320 vim
1105 278 1145 321 in
1162 279 1242 323 hac
1261 282 1386 323 domo
1405 281 1542 336 fuisse,
1572 290 1631 337 ut,
1650 283 1746 327 oum

211 348 331 408 Nero
352 349 545 406 Pompeii
580 351 781 394 theatrum
801 352 1028 408 operuisset
1047 368 1163 404 auro,
1193 355 1304 410 quod
1322 354 1512 408 Tiridati,
1540 355 1767 400 Armeniae>

211 422 313 478 regi,
345 425 588 476 ostenderet,
618 440 666 466 ea
686 426 822 478 fuerit,
843 434 946 468 teste
969 425 1122 479 Plinio,
1156 441 1347 470 xxxin.
1367 433 1410 471 3.
1441 428 1588 485 exigua
1614 422 1748 478 aureae

209 498 357 540 domus
376 500 497 555 pars?
558 498 670 547 Quid
701 500 835 542 dicam
863 499 1090 543 clarissima
1121 487 1293 559 quceque'
1319 501 1466 544 artium
1500 503 1749 549 monimenta

209 573 480 629 undequaque
513 581 711 615 terrarum
743 573 785 615 in
818 573 973 615 Urbem
1009 585 1219 627 nonvecta,
1250 585 1289 617 et
1323 577 1367 618 in
1397 575 1576 619 sellariis
1607 577 1748 621 domas

209 661 342 689 aureae-
363 646 591 703 disposita?
623 646 731 689 Plin.
755 662 935 690 xxxlv.
967 654 1007 690 8.
1068 648 1183 696 Quid
1207 650 1379 691 referam
1399 665 1449 692 ex
1468 649 1559 706 ipsa
1579 649 1749 710 Cappa-

208 720 330 763 decia
351 720 580 775 Phengiten
609 720 801 776 lapidem,
832 737 972 764 recens
991 731 1212 777 repertum,
1242 722 1389 767 duriti-22
1410 723 1636 776 marmoris,
1655 740 1750 767 can-

209 795 350 837 didum
380 810 428 837 ac
462 794 774 837 translucentcm
805 796 930 838 fuisse
964 797 1192 850 advectum,
1223 805 1270 839 ut
1303 797 1496 845 Fortunae
1517 798 1747 856 Sejoe'oedes

209 869 268 912 ibi
287 869 584 911 exstrueretur!
618 867 728 910 Plin.
767 884 947 912 xxxvr.
978 877 1048 913 ⁶22.
1099 871 1211 918 Quid
1235 883 1461 914 memorem
1481 870 1752 929 locupletissi-

211 959 322 986 mam
343 942 655 999 supellectilem,
687 944 789 985 adeo
812 953 856 986 ut
885 944 1117 987 tricliniaria
1139 944 1368 999 Babylonia
1398 945 1635 1002 quadragies
1667 962 1751 989 ses-

213 1018 345 1070 tertio,
378 1017 511 1076 Angl.
542 1018 730 1070 33,333l.
791 1018 953 1061 Neroni
983 1019 1190 1062 steterint:
1239 1018 1352 1061 Plin.
1385 1033 1494 1061 v111.
1526 1025 1597 1063 48.
1627 1027 1750 1078 atque

211 1107 287 1134 sua
315 1092 419 1133 inter
449 1092 599 1147 pocula
633 1092 816 1148 capidem
850 1109 975 1135 unam
1003 1092 1251 1135 murrhinam
1281 1093 1482 1145 habuerit,
1512 1107 1647 1149 quam
1669 1100 1752 1139 tre-

212 1166 336 1208 centis
356 1164 532 1217 talentis,
554 1165 687 1223 Angl.
706 1166 912 1226 67,5ool.7
920 1169 1162 1222 paraverat?
1194 1166 1303 1208 Plin.
1326 1166 1588 1209 xxxvnffss.
1619 1167 1679 1210 At
1697 1169 1749 1210 de

210 1239 287 1292 his,
317 1247 362 1281 ut
381 1248 421 1281 et
440 1240 490 1281 de
506 1238 688 1292 colosso,
717 1240 973 1282 commodius
1003 1239 1160 1301 dicet-ur
1187 1240 1292 1283 infra
1325 1240 1429 1282 inter
1449 1237 1665 1284 Anec‘deita
1697 1241 1761 1284 de·

215 1313 394 1356 Nerone.
453 1313 584 1355 Haud
603 1321 739 1355 tamen
760 1312 936 1355 siluerim
950 1305 1127 1370 sceptra,
1157 1322 1197 1369 et
1210 1328 1407 1370 personas
1425 1313 1683 1368 histrionum,
1709 1322 1749 1357 et

211 1388 364 1447 cubilia
386 1387 592 1430 amatoria
612 1387 735 1430 fuisse
754 1387 972 1430 ‘unionibus
992 1397 1236 1435 constructa.
1269 1388 1377 1438 Plin.
1406 1387 1507 1430 ibid.
1567 1428 1573 1435 ,

269 1462 439 1516 Verum,
459 1462 548 1504 haec
568 1469 718 1518 quanta
736 1470 887 1518 quanta
907 1461 999 1514 sint,
1020 1462 1326 1504 admirationem
1348 1462 1481 1504 adhuc
1500 1460 1542 1503 in
1561 1462 1611 1503 ea
1621 1462 1746 1506 domo

211 1536 354 1579 Aurea
373 1535 588 1578 vincebant
607 1551 713 1588 arva,
743 1545 897 1591 stagna,
927 1539 1145 1593 ceteraque
1165 1535 1284 1578 luxfis
1303 1544 1540 1577 ornamenta
1560 1535 1681 1579 simul
1706 1545 1748 1580 et

209 1609 523 1652 oblectamenta.
575 1609 781 1667 Stagnum
801 1625 928 1651 unum
949 1617 1156 1651 memorat.
1173 1609 1410 1662 Suetonius,
1429 1608 1512 1651 loc.
1530 1609 1601 1652 cit.
1619 1611 1747 1653 m'hris

207 1685 344 1736 instar,
387 1684 692 1738 circumseptum
736 1683 932 1740 aedgffi'cz'is'
952 1683 1009 1725 ad
1040 1683 1206 1725 urbium
1246 1682 1427 1739 speciem.
1482 1682 1608 1726 Adde
1639 1698 1745 1738 rura,

204 1758 351 1810 vineta,
384 1773 549 1814 pascua,
580 1757 726 1812 sylvas,
757 1757 876 1799 υανὶἂ
897 1773 986 1799 cum
1007 1756 1270 1799 multitudine
1295 1757 1424 1798 omn-is
1438 1757 1601 1813 generis
1620 1771 1745 1813 pecu-

204 1832 302 1875 dum
321 1833 588 1890 acserarum.
625 1832 796 1873 Sueton.
817 1831 915 1873 ibid.
949 1831 1018 1874 Sic
1040 1846 1117 1872 una
1139 1832 1286 1872 domus
1307 1826 1435 1872 totam
1454 1830 1538 1873 fere
1558 1838 1743 1874 naturam

202 1901 491 1963 praecipuaque
509 1905 656 1947 artium
677 1904 873 1946 miracula
892 1904 1259 1960 complectebatur.

262 1979 315 2021 Id
345 1979 510 2036 quidem
545 1979 770 2021 mirabatur
802 1979 982 2021 otiosum
1020 1978 1177 2034 vulgus.
1236 1978 1296 2020 At
1331 1978 1458 2029 fuere,
1493 1976 1564 2034 qui
1594 1978 1741 2020 domsss

203 2053 469 2109 amplitudine
487 2053 714 2105 *Romanos
748 2055 801 2094 ab
830 2052 946 2094 Urbe
979 2052 1071 2109 ejici
1106 2060 1384 2108 quererentur.
1444 2050 1558 2094 Hinc
1593 2051 1741 2095 famosi

205 2143 353 2179 versus,
385 2143 488 2183 quos
509 2126 645 2169 retulit
666 2126 887 2169 Suetonius
907 2126 947 2169 in
969 2125 1073 2168 Ner.
1097 2140 1281 2167 xxxlx.
1407 2120 1409 2122 ’
1437 2158 1440 2163 ,
1579 2154 1598 2175 .

437 2334 463 2352 “
482 2331 608 2370 Roma
625 2328 761 2368 domus
779 2327 869 2367 fiet:
900 2326 1016 2366 Veios
1034 2327 1206 2378 migrate,
1237 2326 1417 2371 Quirites,

543 2416 583 2455 Si
601 2429 678 2455 non
692 2421 731 2454 et
748 2415 863 2454 Veios
883 2420 1049 2466 occupat
1067 2413 1137 2452 ista
1155 2412 1329 2451 donius.''

202 2618 290 2667 Qui
309 2617 453 2660 altiora
467 2615 717 2672 cogitabant,
747 2613 1062 2670 indignabantur
1078 2611 1321 2654 modestiam
1345 2609 1592 2661 Romanam,
1613 2617 1738 2652 terra-

199 2708 292 2735 rum
312 2691 423 2734 orbis
447 2689 672 2742 victricem,
702 2688 835 2744 ignavi
859 2686 1065 2743 Principis
1096 2686 1198 2728 luxu
1229 2685 1284 2727 ita
1303 2683 1572 2726 dehonestari.
1615 2685 1642 2745 ᾗ(
1664 2682 1737 2724 Bis

199 2766 379 2816 vidimus„
391 2767 539 2807 urbem
558 2771 687 2806 totam
706 2761 814 2818 cingi
834 2761 1024 2805 domibus
1048 2759 1291 2815 Principum
1307 2757 1401 2800 Caii
1419 2766 1461 2800 et
1471 2756 1677 2807 Neronis,
1695 2763 1740 2798 et

196 2840 318 2898 hujus
348 2839 528 2898 quidem,
556 2854 607 2881 ne
638 2837 737 2894 quid
767 2838 937 2888 deesset,
969 2834 1103 2878 aurea.
1164 2832 1377 2876 Nimirum
1409 2831 1472 2905 sicx
1499 2823 1736 2873 habitfirunt
