1832 3230
211 151 292 194 560
616 151 780 192 No'rAE
814 152 882 191 ET
909 151 1355 192 EMENDATIONES
1399 180 1401 182 -

269 253 423 296 Aureae
442 253 590 296 domfis
609 253 956 313 ichnographiam‚
986 253 1037 295 ad
1057 260 1238 296 veterum
1259 249 1504 310 scriptorum
1530 253 1673 308 fidem,
1701 251 1753 297 uc

213 327 392 371 maxime
421 328 472 369 ad
524 328 604 369 hoc
642 327 851 376 Martialis
889 326 1143 383 epigramma
1179 336 1380 381 exactam,
1426 327 1640 386 delineavit
1682 328 1756 372 Ol.

217 401 416 455 Piranesi,
470 400 693 445 Antichitd
740 402 946 459 Romane,
990 401 1087 443 Vol.
1125 416 1157 443 1.
1201 401 1355 444 Tabul.
1391 415 1556 447 xL111..·
1595 401 1755 449 Euam

214 478 348 519 adhuc
367 478 555 533 quaedam
585 477 674 533 ejus
694 478 851 527 rudera,
883 491 972 532 quae
994 475 1084 517 vide
1104 476 1214 531 apud
1234 476 1424 518 eumdem
1446 474 1645 531 Pirenen&
1666 475 1754 525 loc.

218 551 288 594 cit.
310 559 410 607 etp.
433 557 501 594 34.
533 550 752 593 acTabul.
777 565 966 592 xxxin.

240 626 490 674 Quantum
527 635 665 668 autem
695 626 973 680 impensarum
1005 625 1047 667 in
1065 625 1143 667 hac
1176 626 1302 667 domo
1329 625 1573 668 exstruenda
1598 626 1757 678 {acuam
1785 616 1820 627 i*

220 700 357 753 fuerit,
389 701 484 743 satis
502 701 680 742 declarat
702 699 937 752 Suetonius,
959 700 1041 742 loc.
1061 700 1130 742 cit.
1153 701 1247 742 cum
1282 700 1338 742 ait
1371 699 1587 743 Neronem
1611 714 1693 744 mm
1711 701 1758 744 in

221 774 308 818 alid
327 790 370 818 re
389 774 691 817 damnosiorem
712 774 852 827 fuisse,
882 773 1005 832 qutim
1025 775 1069 816 in
1090 774 1343 831 oedeficando.
1402 775 1601 830 Apertius
1624 775 1758 820 adhuc

221 850 535 906 expressiusque
555 849 726 891 Tacitus
747 848 896 890 Annal.
921 864 1000 890 xv.
1021 855 1092 892 45.
1129 853 1159 873 “
1174 849 1444 891 Conferendis
1462 848 1646 905 pecuniis
1659 856 1759 906 p‘er-

221 932 377 973 vastata
397 923 531 976 Italia,
562 922 780 979 provinciae
801 938 963 975 eversae,
993 922 1177 979 sociique
1193 922 1353 979 populi,
1383 931 1424 966 et
1442 939 1534 980 quae
1546 922 1759 975 civitatum

220 996 364 1040 liberae
386 1006 592 1039 vocantur.
652 996 784 1054 Inque
805 1013 894 1038 eam
916 998 1096 1052 praedam
1116 996 1237 1038 etiam
1273 997 1348 1039 Dii
1379 991 1547 1050 cessere,
1577 996 1760 1054 spoliatis

223 1072 266 1114 in
301 1071 425 1114 Urbe‘
450 1071 629 1127 templis,
684 1080 906 1127 egestoque
939 1086 1056 1122 auro,
1097 1072 1210 1128 quod
1240 1070 1470 1126 triumphis,
1497 1071 1614 1128 quod:
1638 1071 1759 1123 votis,

226 1145 360 1187 omnis
381 1145 526 1201 populi
549 1145 729 1187 Romani
748 1154 843 1187 aetas
872 1145 1068 1201 prospere
1088 1154 1158 1187 aut
1181 1144 1223 1186 in
1257 1154 1369 1187 metu
1403 1143 1629 1189 sacraverat
1651 1167 1723 1183 u·
1739 1169 1754 1183 ο
1785 1159 1787 1163 ·

228 1218 314 1262 Per
338 1220 493 1262 Asiam*
512 1219 635 1262 etiam
670 1228 792 1275 atque
812 1220 1012 1279 Achaiam
1041 1235 1122 1262 non
1155 1221 1263 1262 dona
1281 1219 1436 1262 tantum
1457 1221 1528 1262 sed
1545 1218 1763 1271 simulacra

225 1293 439 1337 numinum
459 1293 646 1350 abrepta.
688 1293 812 1336 Adde
828 1294 1008 1336 maxima
1028 1295 1300 1349 impensarum
1316 1295 1600 1347 instrumenta,
1629 1294 1762 1350 operis
1800 1312 1803 1315 ’

226 1383 368 1424 nempe
386 1368 604 1425 magistros
622 1376 660 1410 et
679 1367 976 1425 machinatores
979 1368 1117 1426 fuisse
1134 1367 1326 1411 Severum
1340 1376 1379 1411 et
1395 1367 1592 1422 Celerem,
1612 1369 1761 1427 quibus

225 1440 434 1497 ingenium
454 1450 496 1485 et
515 1442 686 1485 audacia
704 1450 804 1494 erat,
825 1442 947 1484 etiam
967 1458 1056 1499 quae
1075 1452 1216 1485 natura
1235 1443 1526 1503 denegavisset,
1545 1459 1620 1500 per
1630 1453 1762 1501 artem

226 1524 395 1569 tentare,
425 1525 466 1559 et
485 1516 637 1559 viribus
659 1516 863 1572 Principis
882 1516 1106 1559 inludere.''
1162 1517 1299 1559 Tacit.
1317 1517 1468 1561 Annal.
1491 1532 1572 1561 xv·
1590 1525 1662 1564 42.
1685 1548 1687 1550 -

284 1591 515 1633 Automate
547 1591 624 1633 hac
659 1599 776 1633 aetate
809 1590 934 1633 fuisse
970 1590 1288 1634 celebratissima
1320 1593 1442 1635 docet
1455 1584 1758 1639 siumeoenatio

224 1662 296 1707 illa
329 1666 517 1716 rotunda,
558 1679 650 1722 quae
681 1673 879 1721 perpetuo
910 1673 1040 1717 motu,
1086 1665 1227 1708 mundi
1261 1665 1361 1720 vice,
1395 1650 1760 1724 circumagebatur,

224 1745 314 1780 tum
346 1739 498 1781 Triton
535 1738 605 1780 ille
641 1748 865 1800 argenteus,
897 1739 967 1795 qui
989 1739 1165 1782 Claudio
1187 1740 1396 1796 Principe,
1427 1741 1450 1784 ὲ
1490 1741 1628 1784 medio
1665 1741 1758 1784 lacu

223 1811 387 1855 Fucino
406 1829 480 1869 per
498 1813 730 1856 machinam
749 1813 928 1864 emersit,
949 1822 1003 1865 et,
1033 1813 1219 1856 exciente
1238 1814 1429 1868 buccina,
1458 1814 1611 1858 navalis
1628 1814 1759 1871 praelii
1819 1801 1826 1804 Δ

223 1886 385 1941 signum
418 1887 551 1941 dedit;
599 1896 644 1929 ut
676 1887 850 1929 vidimus
885 1892 1014 1943 supra
1037 1887 1078 1930 in
1115 1887 1221 1930 notis
1256 1896 1298 1929 et
1326 1888 1674 1934 emendationibus
1707 1890 1759 1932 ad

222 1959 376 2003 Annal.
399 1976 493 2003 xu-
523 1963 593 2005 56.

285 2035 505 2093 Squalentz‘
533 2036 686 2078 littore.
747 2035 867 2079 Male
888 2036 993 2080 MS.
1015 2036 1116 2092 Agr.
1145 2045 1186 2079 et
1213 2036 1336 2080 editio
1356 2037 1562 2094 princeps,
1569 2037 1761 2096 sequenti

223 2108 377 2152 lictore.
439 2110 527 2153 Hic
547 2110 656 2153 enim
677 2110 906 2167 squalidum
926 2107 1166 2168 aridumque
1193 2110 1320 2164 littus,
1349 2127 1432 2155 non
1462 2112 1559 2156 vero
1575 2128 1760 2171 sequax,

223 2192 485 2227 memoratur.

286 2257 495 2311 Connioeus
524 2266 594 2302 est.
657 2258 794 2301 MSS.
832 2259 954 2303 Harl
988 2259 1111 2302 Bodl.
1143 2259 1232 2303 Jes.
1264 2259 1481 2303 conmissus.
1539 2259 1590 2302 In
1622 2259 1760 2304 MSS

142 2342 146 2349 ¹
223 2332 347 2377 Harl.
366 2334 642 2387 emendatum,
672 2333 871 2376 connisus.

279 2480 402 2524 CAP.
439 2486 510 2524 43.
560 2480 662 2526 Qaae
695 2481 850 2524 domui.
910 2480 1014 2524 MS.
1054 2482 1164 2525 Flor.
1203 2482 1384 2538 Ryckius
1420 2491 1463 2524 et
1501 2483 1759 2536 recentiores.

218 2554 445 2598 Absurde
435 2570 475 2597 m
497 2555 700 2598 veteribus
719 2556 983 2609 editionibus,
1017 2572 1105 2614 quae
1124 2557 1278 2600 domus.
1330 2557 1468 2601 Haud
1487 2557 1595 2600 enim
1614 2566 1760 2602 erectae

220 2630 380 2682 domus,
424 2645 516 2686 quae
560 2640 812 2686 supererant.
873 2631 1013 2674 MSS.
1050 2631 1173 2674 Bodl.
1194 2631 1330 2675 Harl
1373 2632 1463 2676 Jes.
1495 2631 1640 2686 Guelf.
1670 2648 1758 2691 quoe

219 2702 426 2746 domuum.
486 2702 536 2746 In
555 2703 738 2761 margine
759 2704 863 2748 MS.
886 2705 1008 2748 Harl.
1029 2705 1182 2748 domus.

202 2844 210 2847 ,
279 2773 446 2820 Passim
464 2786 614 2821 erecta.
673 2778 810 2823 MSS.
832 2778 954 2822 Harl.
976 2779 1102 2822 Bodl.
1119 2781 1210 2824 Jes.
1232 2779 1376 2824 Guelf.
1405 2743 1555 2825 editio
1564 2780 1757 2839 princeps

218 2860 260 2896 et
277 2852 536 2896 recentiores.
596 2852 868 2907 Puteolanus,
897 2860 1052 2898 erectae.¹
