1858 3224
137 122 248 167 &ss-
265 116 333 163 62.
389 115 698 160 ANNALIUM
727 116 892 157 LIBER
919 115 1171 158 DECIMUS
1201 119 1460 166 QUINTUS.
1613 127 1696 171 237

137 216 462 294 '‘numqua-m
482 222 706 290 prospere
735 221 1006 281 lacessitam,
1038 237 1166 271 nunc
1196 240 1386 289 quoque
1419 225 1469 274 in
1498 226 1694 279 exitium

139 309 180 347 0⁸
194 315 348 355 auum
381 304 682 367 abrumpunt.
748 301 863 349 Non
905 299 984 347 ibo
1028 299 1230 348 inficias:
1290 303 1503 367 aequitate
1547 305 1693 370 quam

140 376 442 448 “anguine,
488 379 640 429 causa*
658 378 803 444 quam
839 377 998 437 armis,
1043 377 1240 426 retinere
1278 391 1408 442 parta
1443 384 1695 447 majoribus

137 464 179 499 Μ
200 453 486 512 melum-am:
543 457 583 506 si
637 455 927 505 cunctatione
982 454 1172 519 deliqui,
1227 455 1396 505 virtute
1444 461 1692 526 corrigam,

138 542 186 585 β
195 538 369 587 Vestra
388 536 579 602 quidem
591 533 660 582 vis
680 545 727 581 et
748 532 924 598 gloria'
911 548 960 579 m
980 532 1162 597 integro
1180 543 1265 591 est,
1281 533 1438 582 addita
1454 538 1693 590 modestiae

138 619 179 649 ⁸⁸
197 613 356 676 ἴωπες
393 628 500 679 quae
521 628 674 676 neque
696 609 891 658 summis
911 609 1178 657 mortalium
1199 614 1459 673 spernenda
1475 626 1560 674 est,
1594 628 1656 665 et·
1661 618 1692 667 ᾗ

136 697 178 725 “
198 693 303 744 Dfis
318 691 585 743 aesfimmr.
588 690 622 711 ’'
641 685 791 736 Simul
813 677 1070 734 diademate
1091 697 1230 750 caput
1246 687 1463 737 Tiridatis
1483 692 1689 756 evinxit;

138 781 381 836 promtam
394 768 605 835 equitum
631 781 842 825 manum,
877 781 982 829 quae
1016 780 1177 830 regem
1214 782 1276 813 ex
1309 783 1441 815 more
1473 781 1691 833 sectatur,

135 840 345 909 -Mo'nesi,
366 846 510 897 nobili
531 846 651 904 vim,
671 844 876 901 tradidit,
898 842 1086 907 adjectis
1101 843 1456 893 Adiabenorum
1477 848 1686 899 auxiliis:

139 925 467 991 mandavitque
503 930 538 953 ‘⁶
567 923 805 989 Tigranen
839 920 1066 969 Armenia
1103 921 1394 981 exturbari‚'’
1427 924 1543 973 dum
1575 926 1691 992 ipse,

137 1003 299 1070 positis
316 1003 543 1057 adversus
563 1003 810 1068 Hyrcanos
831 999 1087 1058 discordiis,
1124 999 1243 1048 vires
1263 1000 1462 1061 intimas,
1496 1005 1690 1054 molem-

135 1096 235 1150 que
254 1082 367 1134 bdli
387 1081 494 1142 ciet,
509 1079 756 1147 provinciis
780 1078 1004 1127 Romanis
1025 1077 1253 1127 minitans.

140 1246 259 1290 ΨΘ».
295 1240 434 1304 Qum
459 1253 548 1288 um
579 1236 840 1289 Corbuloni
862 1236 999 1286 certis
1030 1236 1202 1286 nuntiis
1233 1237 1388 1287 audita
1419 1251 1544 1301 sunt,
1580 1241 1694 1308 legi-

133 1311 257 1367 ones
288 1310 408 1366 duas
439 1333 551 1366 cum
572 1317 810 1364 Verulano
834 1316 1024 1375 Severo,
1059 1327 1105 1363 et
1140 1317 1294 1380 Vettio
1317 1318 1516 1379 Bolano,
1550 1320 1696 1369 subsi-

141 1390 289 1463 dium
317 1393 510 1460 Tigrani
565 1394 720 1454 mittit,
776 1395 962 1443 occulto
1005 1405 1258 1459 praecepto,
1310 1401 1344 1423 “
1390 1398 1695 1462 compositius

140 1477 193 1508 ⁴⁶
187 1467 385 1533 cuncta,
435 1472 580 1538 quam
624 1471 933 1532 festinantius,
983 1476 1230 1539 agerent?
1300 1474 1471 1539 quippe
1515 1476 1696 1525 bellum

139 1550 332 1611 habere,
381 1568 527 1616 quam
571 1568 753 1618 gerere,
796 1552 1010 1600 malebat.
1102 1552 1449 1618 Scripseratque
1501 1553 1696 1614 Caesari,

140 1633 177 1665 ‘⁴
198 1627 391 1694 proprio
406 1629 528 1678 duee
557 1645 677 1694 opus
699 1646 819 1688 esse,
849 1629 930 1694 qui
963 1629 1237 1678 Armeniam
1276 1629 1574 1680 defenderet:
1612 1633 1696 1698 Sy-

132 1699 177 1735 *‘'‘
194 1705 330 1767 riam,
360 1697 608 1774 ingruente
643 1708 894 1774 Vologese,
940 1707 1118 1756 acriore
1153 1708 1202 1755 in
1238 1708 1501 1757 discrimine
1541 1710 1695 1758 esse.”

134 1785 303 1850 -Aeque
324 1783 509 1834 &iterim
529 1784 732 1850 reliquas
754 1784 959 1851 legiones
976 1788 988 1807 ¹
1023 1802 1110 1850 pro
1143 1784 1246 1849 ripfi
1267 1786 1516 1850 Euphratis
1543 1787 1693 1836 locat:

133 1854 490 1912 *nundinarium
510 1862 863 1928 provincialium
885 1874 1276 1912 manumarmat:
1313 1864 1501 1912 hostiles
1521 1865 1698 1931 ingres-

138 1956 219 1989 sus
239 1939 462 2006 praesidiis
482 1939 726 2005 intercipit.
795 1941 858 1989 Et
894 1941 1002 2006 quia
1030 1957 1178 2006 egena
1206 1958 1434 2006 aquarum
1457 1943 1587 2009 regio
1609 1955 1695 2003 est,

139 2017 326 2068 cautella
346 2017 552 2069 fontibus
573 2018 814 2084 imposita:
832 2022 850 2041 ²
885 2020 1113 2085 quosdam
1140 2020 1263 2068 rivos
1285 2032 1510 2086 congestu
1541 2038 1694 2071 arenae

140 2095 334 2146 abdidit.

180 2233 181 2237 ¹
206 2248 256 2292 4.
290 2241 371 2292 EA
396 2257 514 2291 DUM
550 2241 579 2291 Ξ
611 2242 885 2293 Corbulone
918 2243 1105 2292 tuendae
1136 2242 1283 2309 Syriae
1318 2256 1556 2309 parantur,
1589 2258 1692 2296 acto

140 2317 310 2384 raptim
336 2319 522 2386 agmine
556 2322 794 2382 Moneses,
827 2334 879 2370 ut
905 2320 1079 2370 famam
1113 2322 1185 2370 sui
1215 2322 1418 2386 praeiret,
1456 2341 1554 2372 non
1584 2324 1692 2374 ideo

128 2395 366 2462 nescium,
381 2415 383 2418 ⁴
398 2408 479 2446 aut
510 2397 766 2460 incautum,
800 2400 1037 2466 Tigranen
1073 2399 1280 2448 offendit.
1368 2402 1693 2468 Occupaverat

141 2473 492 2541 Tigranocerta,
549 2477 716 2528 urbem
770 2478 905 2543 copia
950 2477 1250 2527 defensorum
1289 2490 1336 2528 et
1373 2480 1692 2545 magnitudine

195 2656 426 2711 'Reliquas
462 2660 638 2712 legiones.
682 2662 877 2714 Reliquas
950 2668 1114 2714 poterat,
1155 2668 1338 2714 congestu
1373 2677 1496 2705 arenae
1525 2666 1689 2709 abdidit.

139 2717 214 2751 tm
229 2711 408 2763 legiones.
429 2714 529 2753 Vide
543 2715 688 2756 Annal.
702 2728 764 2756 ιν.
783 2721 821 2756 5.
839 2723 877 2757 et
953 2717 1088 2764 Quam
1124 2726 1205 2757 tota
1238 2718 1322 2757 haec
1356 2720 1460 2770 regio
1496 2733 1688 2783 aquarum

139 2777 242 2806 xxn.
260 2771 336 2807 35.
950 2772 999 2811 sit
1038 2784 1168 2822 egena,
1205 2785 1255 2810 ex
1300 2780 1472 2812 veterum
1505 2775 1691 2814 recemio-
1754 2808 1757 2811 .

210 2817 443 2862 ‘Fontibus
477 2821 662 2875 imposita.
708 2825 877 2864 Castella
951 2839 1117 2877 rumque
1169 2828 1360 2866 viatorum
1406 2829 1690 2869 narrationibus

138 2873 308 2914 fontibus
334 2877 520 2928 imposuit
543 2878 744 2925 Corbulo;
771 2887 811 2918 et
827 2881 877 2919 ri-
950 2887 1110 2926 constat.

139 2940 218 2976 vot,
250 2942 347 2985 quos
379 2931 544 2970 castellis
571 2933 771 2972 defendere
798 2947 875 2974 non
