<?xml version="1.0" encoding="UTF-8"?>
<!DOCTYPE html PUBLIC "-//W3C//DTD XHTML 1.0 Transitional//EN"
    "http://www.w3.org/TR/xhtml1/DTD/xhtml1-transitional.dtd">
<html xmlns="http://www.w3.org/1999/xhtml" xml:lang="en" lang="en">
 <head>
  <title>
</title>
<meta http-equiv="Content-Type" content="text/html;charset=utf-8" />
  <meta name='ocr-system' content='tesseract 3.04.00' />
  <meta name='ocr-capabilities' content='ocr_page ocr_carea ocr_par ocr_line ocrx_word'/>
</head>
<body>
  <div class='ocr_page' id='page_1' title='image "./operarecognovite02taciuoft_0036.png"; bbox 0 0 1858 3224; ppageno 0'>
   <div class='ocr_carea' id='block_1_1' title="bbox 255 132 1803 214">
    <p class='ocr_par' dir='ltr' id='par_1_1' title="bbox 255 132 1803 214">
     <span class='ocr_line' id='line_1_1' title="bbox 255 132 1803 214; baseline 0.009 -14"><span class='ocrx_word' id='word_1_1' title='bbox 255 159 306 207; x_wconf 68' lang='lat'>2&#39;8</span> <span class='ocrx_word' id='word_1_2' title='bbox 655 132 659 143; x_wconf 42' lang='grc'><strong><em>1</em></strong></span> <span class='ocrx_word' id='word_1_3' title='bbox 745 166 792 204; x_wconf 89' lang='lat' dir='ltr'>C.</span> <span class='ocrx_word' id='word_1_4' title='bbox 821 167 1086 206; x_wconf 79' lang='lat' dir='ltr'>CORNELII</span> <span class='ocrx_word' id='word_1_5' title='bbox 1116 165 1298 205; x_wconf 81' lang='lat' dir='ltr'><strong>TACITI</strong></span> <span class='ocrx_word' id='word_1_6' title='bbox 1504 171 1553 208; x_wconf 83' lang='lat' dir='ltr'>A.</span> <span class='ocrx_word' id='word_1_7' title='bbox 1571 171 1623 211; x_wconf 88' lang='lat' dir='ltr'>U.</span> <span class='ocrx_word' id='word_1_8' title='bbox 1640 172 1688 213; x_wconf 88' lang='lat' dir='ltr'>C.</span> <span class='ocrx_word' id='word_1_9' title='bbox 1707 177 1803 214; x_wconf 67' lang='lat'>801.</span> 
     </span>
    </p>
   </div>
   <div class='ocr_carea' id='block_1_2' title="bbox 209 269 1842 1572">
    <p class='ocr_par' dir='ltr' id='par_1_2' title="bbox 209 269 1842 1572">
     <span class='ocr_line' id='line_1_2' title="bbox 255 269 1803 339; baseline 0.006 -21"><span class='ocrx_word' id='word_1_10' title='bbox 255 277 290 300; x_wconf 87' lang='lat'><strong><em>“</em></strong></span> <span class='ocrx_word' id='word_1_11' title='bbox 314 272 560 320; x_wconf 84' lang='lat' dir='ltr'>ductarum</span> <span class='ocrx_word' id='word_1_12' title='bbox 590 286 674 335; x_wconf 90' lang='lat' dir='ltr'>per</span> <span class='ocrx_word' id='word_1_13' title='bbox 704 271 867 318; x_wconf 89' lang='lat' dir='ltr'>orbem</span> <span class='ocrx_word' id='word_1_14' title='bbox 897 281 1032 318; x_wconf 86' lang='lat' dir='ltr'>terrae</span> <span class='ocrx_word' id='word_1_15' title='bbox 1067 269 1339 335; x_wconf 86' lang='lat' dir='ltr'>legionum‚¹</span> <span class='ocrx_word' id='word_1_16' title='bbox 1367 271 1530 322; x_wconf 85' lang='lat' dir='ltr'>additis</span> <span class='ocrx_word' id='word_1_17' title='bbox 1551 275 1803 339; x_wconf 82' lang='lat' dir='ltr'>provincia-</span> 
     </span>
     <span class='ocr_line' id='line_1_3' title="bbox 257 346 1804 411; baseline 0.006 -16"><span class='ocrx_word' id='word_1_18' title='bbox 257 354 290 376; x_wconf 90' lang='lat'><strong>“</strong></span> <span class='ocrx_word' id='word_1_19' title='bbox 315 349 429 395; x_wconf 89' lang='lat' dir='ltr'>lium</span> <span class='ocrx_word' id='word_1_20' title='bbox 468 347 768 406; x_wconf 81' lang='lat' dir='ltr'>validissimis,</span> <span class='ocrx_word' id='word_1_21' title='bbox 808 347 929 395; x_wconf 90' lang='lat' dir='ltr'>fesso</span> <span class='ocrx_word' id='word_1_22' title='bbox 965 346 1157 411; x_wconf 89' lang='lat' dir='ltr'>imperio</span> <span class='ocrx_word' id='word_1_23' title='bbox 1197 349 1475 398; x_wconf 87' lang='lat' dir='ltr'>subventum</span> <span class='ocrx_word' id='word_1_24' title='bbox 1520 363 1602 400; x_wconf 86' lang='lat' dir='ltr'>est.</span> <span class='ocrx_word' id='word_1_25' title='bbox 1669 354 1804 403; x_wconf 88' lang='lat' dir='ltr'>Num</span> 
     </span>
     <span class='ocr_line' id='line_1_4' title="bbox 257 423 1801 492; baseline 0.004 -20"><span class='ocrx_word' id='word_1_26' title='bbox 257 431 292 453; x_wconf 85' lang='lat'>“</span> <span class='ocrx_word' id='word_1_27' title='bbox 316 425 508 488; x_wconf 85' lang='lat' dir='ltr'>poenitet</span> <span class='ocrx_word' id='word_1_28' title='bbox 531 425 701 472; x_wconf 84' lang='lat' dir='ltr'>Balbos</span> <span class='ocrx_word' id='word_1_29' title='bbox 736 442 796 472; x_wconf 88' lang='lat' dir='ltr'>ex</span> <span class='ocrx_word' id='word_1_30' title='bbox 826 423 1065 487; x_wconf 67' lang='lat' dir='ltr'>Hispania,</span> <span class='ocrx_word' id='word_1_31' title='bbox 1102 441 1187 472; x_wconf 87' lang='lat' dir='ltr'>nec</span> <span class='ocrx_word' id='word_1_32' title='bbox 1218 425 1376 473; x_wconf 73' lang='lat' dir='ltr'>minsis</span> <span class='ocrx_word' id='word_1_33' title='bbox 1408 426 1608 492; x_wconf 86' lang='lat' dir='ltr'>insignes</span> <span class='ocrx_word' id='word_1_34' title='bbox 1628 428 1751 478; x_wconf 88' lang='lat' dir='ltr'>viros</span> <span class='ocrx_word' id='word_1_35' title='bbox 1774 429 1801 478; x_wconf 85' lang='grc' dir='ltr'>ὲ</span> 
     </span>
     <span class='ocr_line' id='line_1_5' title="bbox 257 500 1802 567; baseline 0.003 -17"><span class='ocrx_word' id='word_1_36' title='bbox 257 507 291 529; x_wconf 86' lang='grc'><strong>“</strong></span> <span class='ocrx_word' id='word_1_37' title='bbox 318 501 472 550; x_wconf 70' lang='lat' dir='ltr'>Gallia</span> <span class='ocrx_word' id='word_1_38' title='bbox 511 501 804 550; x_wconf 85' lang='lat' dir='ltr'>Narbonensi</span> <span class='ocrx_word' id='word_1_39' title='bbox 839 500 1128 548; x_wconf 85' lang='lat' dir='ltr'>transivisse?</span> <span class='ocrx_word' id='word_1_40' title='bbox 1175 503 1371 549; x_wconf 86' lang='lat' dir='ltr'>Manent</span> <span class='ocrx_word' id='word_1_41' title='bbox 1408 504 1578 567; x_wconf 77' lang='lat' dir='ltr'>posteri</span> <span class='ocrx_word' id='word_1_42' title='bbox 1620 522 1802 566; x_wconf 82' lang='lat' dir='ltr'>eorum,</span> 
     </span>
     <span class='ocr_line' id='line_1_6' title="bbox 258 578 1801 644; baseline 0.003 -17"><span class='ocrx_word' id='word_1_43' title='bbox 258 585 294 608; x_wconf 85' lang='lat'>“</span> <span class='ocrx_word' id='word_1_44' title='bbox 314 596 402 627; x_wconf 90' lang='lat' dir='ltr'>nec</span> <span class='ocrx_word' id='word_1_45' title='bbox 423 596 580 627; x_wconf 86' lang='lat' dir='ltr'>amore</span> <span class='ocrx_word' id='word_1_46' title='bbox 597 578 644 626; x_wconf 91' lang='lat' dir='ltr'>in</span> <span class='ocrx_word' id='word_1_47' title='bbox 667 579 784 626; x_wconf 88' lang='lat' dir='ltr'>hanc</span> <span class='ocrx_word' id='word_1_48' title='bbox 808 578 1001 642; x_wconf 87' lang='lat' dir='ltr'>patriam</span> <span class='ocrx_word' id='word_1_49' title='bbox 1022 579 1155 626; x_wconf 90' lang='lat' dir='ltr'>nobis</span> <span class='ocrx_word' id='word_1_50' title='bbox 1178 579 1454 628; x_wconf 88' lang='lat' dir='ltr'>concedunt.</span> <span class='ocrx_word' id='word_1_51' title='bbox 1525 581 1654 644; x_wconf 76' lang='lat' dir='ltr'>Quid</span> <span class='ocrx_word' id='word_1_52' title='bbox 1675 582 1801 632; x_wconf 77' lang='lat' dir='ltr'>aliud</span> 
     </span>
     <span class='ocr_line' id='line_1_7' title="bbox 258 655 1802 724; baseline 0.003 -20"><span class='ocrx_word' id='word_1_53' title='bbox 258 662 294 685; x_wconf 91' lang='lat'>“</span> <span class='ocrx_word' id='word_1_54' title='bbox 316 657 455 704; x_wconf 88' lang='lat' dir='ltr'>exitio</span> <span class='ocrx_word' id='word_1_55' title='bbox 490 656 852 704; x_wconf 84' lang='lat' dir='ltr'>Lacedaemoniis</span> <span class='ocrx_word' id='word_1_56' title='bbox 890 667 935 702; x_wconf 91' lang='lat' dir='ltr'>et</span> <span class='ocrx_word' id='word_1_57' title='bbox 980 656 1339 704; x_wconf 86' lang='lat' dir='ltr'>Atheniensibus</span> <span class='ocrx_word' id='word_1_58' title='bbox 1376 655 1480 716; x_wconf 90' lang='lat' dir='ltr'>fuit,</span> <span class='ocrx_word' id='word_1_59' title='bbox 1520 675 1802 724; x_wconf 83' lang='lat' dir='ltr'>quamquam</span> 
     </span>
     <span class='ocr_line' id='line_1_8' title="bbox 258 732 1800 800; baseline 0.003 -19"><span class='ocrx_word' id='word_1_60' title='bbox 258 740 293 763; x_wconf 75' lang='lat'>‘⁶</span> <span class='ocrx_word' id='word_1_61' title='bbox 316 734 453 782; x_wconf 86' lang='lat' dir='ltr'>armis</span> <span class='ocrx_word' id='word_1_62' title='bbox 476 733 720 796; x_wconf 88' lang='lat' dir='ltr'>pollerent,</span> <span class='ocrx_word' id='word_1_63' title='bbox 743 732 827 780; x_wconf 90' lang='lat' dir='ltr'>nisi</span> <span class='ocrx_word' id='word_1_64' title='bbox 852 732 982 795; x_wconf 77' lang='lat' dir='ltr'>quod</span> <span class='ocrx_word' id='word_1_65' title='bbox 999 732 1144 780; x_wconf 86' lang='lat' dir='ltr'>victos</span> <span class='ocrx_word' id='word_1_66' title='bbox 1159 750 1246 796; x_wconf 83' lang='lat' dir='ltr'>pro</span> <span class='ocrx_word' id='word_1_67' title='bbox 1269 733 1530 800; x_wconf 87' lang='lat' dir='ltr'>alienigenis</span> <span class='ocrx_word' id='word_1_68' title='bbox 1552 736 1800 785; x_wconf 84' lang='lat' dir='ltr'>arcebant?</span> 
     </span>
     <span class='ocr_line' id='line_1_9' title="bbox 256 810 1801 875; baseline 0.003 -17"><span class='ocrx_word' id='word_1_69' title='bbox 256 817 293 863; x_wconf 61' lang='lat'>‚“</span> <span class='ocrx_word' id='word_1_70' title='bbox 317 815 385 872; x_wconf 84' lang='lat' dir='ltr'>At</span> <span class='ocrx_word' id='word_1_71' title='bbox 419 811 629 858; x_wconf 88' lang='lat' dir='ltr'>conditor</span> <span class='ocrx_word' id='word_1_72' title='bbox 665 822 822 858; x_wconf 89' lang='lat' dir='ltr'>noster</span> <span class='ocrx_word' id='word_1_73' title='bbox 851 810 1084 857; x_wconf 89' lang='lat' dir='ltr'>Romulus</span> <span class='ocrx_word' id='word_1_74' title='bbox 1117 821 1295 858; x_wconf 86' lang='lat' dir='ltr'>tantum</span> <span class='ocrx_word' id='word_1_75' title='bbox 1317 811 1534 875; x_wconf 68' lang='lat' dir='ltr'>sapientia</span> <span class='ocrx_word' id='word_1_76' title='bbox 1555 812 1714 872; x_wconf 85' lang='lat' dir='ltr'>valuit,</span> <span class='ocrx_word' id='word_1_77' title='bbox 1749 825 1801 862; x_wconf 90' lang='lat' dir='ltr'>ut</span> 
     </span>
     <span class='ocr_line' id='line_1_10' title="bbox 258 887 1798 952; baseline 0.003 -17"><span class='ocrx_word' id='word_1_78' title='bbox 258 889 293 917; x_wconf 73' lang='lat'>‘⁶</span> <span class='ocrx_word' id='word_1_79' title='bbox 316 889 561 952; x_wconf 90' lang='lat' dir='ltr'>plerosque</span> <span class='ocrx_word' id='word_1_80' title='bbox 584 888 780 951; x_wconf 92' lang='lat' dir='ltr'>populos</span> <span class='ocrx_word' id='word_1_81' title='bbox 803 888 968 935; x_wconf 90' lang='lat' dir='ltr'>eodem</span> <span class='ocrx_word' id='word_1_82' title='bbox 990 888 1064 934; x_wconf 89' lang='lat' dir='ltr'>die</span> <span class='ocrx_word' id='word_1_83' title='bbox 1087 888 1257 947; x_wconf 89' lang='lat' dir='ltr'>hostes,</span> <span class='ocrx_word' id='word_1_84' title='bbox 1291 888 1398 936; x_wconf 89' lang='lat' dir='ltr'>dein</span> <span class='ocrx_word' id='word_1_85' title='bbox 1431 887 1552 938; x_wconf 87' lang='lat' dir='ltr'>cives</span> <span class='ocrx_word' id='word_1_86' title='bbox 1573 889 1798 940; x_wconf 85' lang='lat' dir='ltr'>habuerit.</span> 
     </span>
     <span class='ocr_line' id='line_1_11' title="bbox 209 965 1799 1032; baseline 0.002 -19"><span class='ocrx_word' id='word_1_87' title='bbox 209 998 212 999; x_wconf 25' lang='grc' dir='ltr'><em>ν</em></span> <span class='ocrx_word' id='word_1_88' title='bbox 256 971 292 994; x_wconf 82' lang='grc'><strong>“</strong></span> <span class='ocrx_word' id='word_1_89' title='bbox 314 967 525 1020; x_wconf 83' lang='lat' dir='ltr'>Advenae</span> <span class='ocrx_word' id='word_1_90' title='bbox 548 965 596 1012; x_wconf 91' lang='lat' dir='ltr'>in</span> <span class='ocrx_word' id='word_1_91' title='bbox 618 981 703 1013; x_wconf 89' lang='lat' dir='ltr'>nos</span> <span class='ocrx_word' id='word_1_92' title='bbox 725 977 1048 1030; x_wconf 88' lang='lat' dir='ltr'>regnaverunt.</span> <span class='ocrx_word' id='word_1_93' title='bbox 1107 965 1453 1014; x_wconf 87' lang='lat' dir='ltr'>Libertinorum</span> <span class='ocrx_word' id='word_1_94' title='bbox 1474 965 1579 1014; x_wconf 85' lang='lat' dir='ltr'>filiis</span> <span class='ocrx_word' id='word_1_95' title='bbox 1595 969 1609 987; x_wconf 91' lang='lat'>²</span> <span class='ocrx_word' id='word_1_96' title='bbox 1632 967 1799 1032; x_wconf 88' lang='lat' dir='ltr'>magis-</span> 
     </span>
     <span class='ocr_line' id='line_1_12' title="bbox 257 1041 1798 1108; baseline 0.002 -18"><span class='ocrx_word' id='word_1_97' title='bbox 257 1048 293 1071; x_wconf 84' lang='lat'>“</span> <span class='ocrx_word' id='word_1_98' title='bbox 315 1054 459 1092; x_wconf 72' lang='lat' dir='ltr'>tratus</span> <span class='ocrx_word' id='word_1_99' title='bbox 482 1042 706 1100; x_wconf 86' lang='lat' dir='ltr'>mandari,</span> <span class='ocrx_word' id='word_1_100' title='bbox 739 1058 852 1100; x_wconf 89' lang='lat' dir='ltr'>non,</span> <span class='ocrx_word' id='word_1_101' title='bbox 889 1053 941 1090; x_wconf 92' lang='lat' dir='ltr'>ut</span> <span class='ocrx_word' id='word_1_102' title='bbox 979 1042 1187 1106; x_wconf 92' lang='lat' dir='ltr'>plerique</span> <span class='ocrx_word' id='word_1_103' title='bbox 1216 1041 1457 1101; x_wconf 88' lang='lat' dir='ltr'>falluntur,</span> <span class='ocrx_word' id='word_1_104' title='bbox 1490 1047 1688 1108; x_wconf 51' lang='lat' dir='ltr'>repens?</span> <span class='ocrx_word' id='word_1_105' title='bbox 1713 1045 1798 1093; x_wconf 82' lang='lat' dir='ltr'>sed</span> 
     </span>
     <span class='ocr_line' id='line_1_13' title="bbox 256 1116 1842 1187; baseline 0 -20"><span class='ocrx_word' id='word_1_106' title='bbox 256 1125 292 1147; x_wconf 73' lang='lat'>‘⁶</span> <span class='ocrx_word' id='word_1_107' title='bbox 315 1120 456 1183; x_wconf 89' lang='lat' dir='ltr'>priori</span> <span class='ocrx_word' id='word_1_108' title='bbox 478 1116 652 1182; x_wconf 88' lang='lat' dir='ltr'>populo</span> <span class='ocrx_word' id='word_1_109' title='bbox 675 1117 928 1166; x_wconf 85' lang='lat' dir='ltr'>factitatum</span> <span class='ocrx_word' id='word_1_110' title='bbox 946 1130 1027 1166; x_wconf 88' lang='lat' dir='ltr'>est.</span> <span class='ocrx_word' id='word_1_111' title='bbox 1097 1122 1164 1167; x_wconf 84' lang='lat' dir='ltr'>At</span> <span class='ocrx_word' id='word_1_112' title='bbox 1181 1137 1290 1167; x_wconf 90' lang='lat' dir='ltr'>cum</span> <span class='ocrx_word' id='word_1_113' title='bbox 1313 1119 1603 1170; x_wconf 71' lang='lat' dir='ltr'>Senonibus‘*</span> <span class='ocrx_word' id='word_1_114' title='bbox 1622 1137 1800 1187; x_wconf 84' lang='lat' dir='ltr'>pugna·</span> <span class='ocrx_word' id='word_1_115' title='bbox 1838 1158 1842 1167; x_wconf 75' lang='grc'><strong>,</strong></span> 
     </span>
     <span class='ocr_line' id='line_1_14' title="bbox 257 1196 1798 1262; baseline 0.003 -19"><span class='ocrx_word' id='word_1_116' title='bbox 257 1201 291 1224; x_wconf 83' lang='grc'><strong>“</strong></span> <span class='ocrx_word' id='word_1_117' title='bbox 315 1196 496 1244; x_wconf 86' lang='lat' dir='ltr'>vimus:</span> <span class='ocrx_word' id='word_1_118' title='bbox 538 1197 709 1245; x_wconf 88' lang='lat' dir='ltr'>scilicet</span> <span class='ocrx_word' id='word_1_119' title='bbox 748 1197 905 1245; x_wconf 85' lang='lat' dir='ltr'>Volsci</span> <span class='ocrx_word' id='word_1_120' title='bbox 950 1207 996 1244; x_wconf 89' lang='lat' dir='ltr'>et</span> <span class='ocrx_word' id='word_1_121' title='bbox 1040 1197 1220 1262; x_wconf 85' lang='lat' dir='ltr'>AEqui,⁵</span> <span class='ocrx_word' id='word_1_122' title='bbox 1259 1214 1516 1262; x_wconf 83' lang='lat' dir='ltr'>numquam</span> <span class='ocrx_word' id='word_1_123' title='bbox 1559 1198 1798 1254; x_wconf 82' lang='lat' dir='ltr'>adversam</span> 
     </span>
     <span class='ocr_line' id='line_1_15' title="bbox 256 1271 1795 1337; baseline 0.003 -16"><span class='ocrx_word' id='word_1_124' title='bbox 256 1279 292 1302; x_wconf 88' lang='lat'>“</span> <span class='ocrx_word' id='word_1_125' title='bbox 314 1273 446 1321; x_wconf 89' lang='lat' dir='ltr'>nobis</span> <span class='ocrx_word' id='word_1_126' title='bbox 481 1273 625 1322; x_wconf 88' lang='lat' dir='ltr'>aciem</span> <span class='ocrx_word' id='word_1_127' title='bbox 659 1273 903 1322; x_wconf 86' lang='lat' dir='ltr'>struxere?</span> <span class='ocrx_word' id='word_1_128' title='bbox 941 1273 1077 1337; x_wconf 89' lang='lat' dir='ltr'>Capti</span> <span class='ocrx_word' id='word_1_129' title='bbox 1101 1274 1129 1321; x_wconf 74' lang='lat' dir='ltr'>a</span> <span class='ocrx_word' id='word_1_130' title='bbox 1164 1275 1313 1323; x_wconf 88' lang='lat' dir='ltr'>Gallis</span> <span class='ocrx_word' id='word_1_131' title='bbox 1328 1271 1345 1295; x_wconf 88' lang='lat'>⁶</span> <span class='ocrx_word' id='word_1_132' title='bbox 1378 1291 1552 1324; x_wconf 88' lang='lat' dir='ltr'>sumus.</span> <span class='ocrx_word' id='word_1_133' title='bbox 1620 1275 1715 1325; x_wconf 88' lang='lat' dir='ltr'>Sed</span> <span class='ocrx_word' id='word_1_134' title='bbox 1749 1287 1795 1324; x_wconf 79' lang='lat' dir='ltr'>et</span> 
     </span>
     <span class='ocr_line' id='line_1_16' title="bbox 253 1350 1795 1418; baseline 0.001 -19"><span class='ocrx_word' id='word_1_135' title='bbox 253 1357 289 1380; x_wconf 89' lang='lat'>“</span> <span class='ocrx_word' id='word_1_136' title='bbox 311 1351 477 1399; x_wconf 90' lang='lat' dir='ltr'>Tuscis</span> <span class='ocrx_word' id='word_1_137' title='bbox 494 1351 674 1398; x_wconf 90' lang='lat' dir='ltr'>obsides</span> <span class='ocrx_word' id='word_1_138' title='bbox 687 1351 934 1409; x_wconf 88' lang='lat' dir='ltr'>dedimus‚⁷</span> <span class='ocrx_word' id='word_1_139' title='bbox 957 1362 1002 1398; x_wconf 91' lang='lat' dir='ltr'>et</span> <span class='ocrx_word' id='word_1_140' title='bbox 1020 1351 1293 1399; x_wconf 87' lang='lat' dir='ltr'>Samnitium</span> <span class='ocrx_word' id='word_1_141' title='bbox 1305 1354 1475 1418; x_wconf 87' lang='lat' dir='ltr'>jugum</span> <span class='ocrx_word' id='word_1_142' title='bbox 1488 1350 1504 1373; x_wconf 72' lang='lat'>&#39;³&#39;</span> <span class='ocrx_word' id='word_1_143' title='bbox 1528 1351 1795 1402; x_wconf 86' lang='lat' dir='ltr'>subivimus.</span> 
     </span>
     <span class='ocr_line' id='line_1_17' title="bbox 254 1428 1800 1494; baseline 0 -17"><span class='ocrx_word' id='word_1_144' title='bbox 254 1434 291 1458; x_wconf 87' lang='lat'>“</span> <span class='ocrx_word' id='word_1_145' title='bbox 312 1432 534 1477; x_wconf 86' lang='lat' dir='ltr'>Attamen</span> <span class='ocrx_word' id='word_1_146' title='bbox 551 1428 588 1476; x_wconf 91' lang='lat' dir='ltr'>si</span> <span class='ocrx_word' id='word_1_147' title='bbox 605 1440 770 1477; x_wconf 89' lang='lat' dir='ltr'>cuncta</span> <span class='ocrx_word' id='word_1_148' title='bbox 781 1429 903 1476; x_wconf 87' lang='lat' dir='ltr'>bella</span> <span class='ocrx_word' id='word_1_149' title='bbox 925 1445 1178 1487; x_wconf 88' lang='lat' dir='ltr'>recenseas,</span> <span class='ocrx_word' id='word_1_150' title='bbox 1193 1430 1375 1491; x_wconf 88' lang='lat' dir='ltr'>nullum</span> <span class='ocrx_word' id='word_1_151' title='bbox 1392 1429 1606 1478; x_wconf 87' lang='lat' dir='ltr'>breviore</span> <span class='ocrx_word' id='word_1_152' title='bbox 1618 1429 1800 1494; x_wconf 85' lang='lat' dir='ltr'>spatio,⁹</span> 
     </span>
     <span class='ocr_line' id='line_1_18' title="bbox 252 1505 1794 1572; baseline 0.001 -18"><span class='ocrx_word' id='word_1_153' title='bbox 252 1510 289 1535; x_wconf 88' lang='lat'>“</span> <span class='ocrx_word' id='word_1_154' title='bbox 312 1506 455 1572; x_wconf 71' lang='lat' dir='ltr'>quam</span> <span class='ocrx_word' id='word_1_155' title='bbox 494 1506 717 1554; x_wconf 75' lang='lat' dir='ltr'>adversus</span> <span class='ocrx_word' id='word_1_156' title='bbox 755 1506 936 1567; x_wconf 92' lang='lat' dir='ltr'>Gallos,</span> <span class='ocrx_word' id='word_1_157' title='bbox 982 1505 1261 1555; x_wconf 87' lang='lat' dir='ltr'>confectum.</span> <span class='ocrx_word' id='word_1_158' title='bbox 1332 1506 1566 1556; x_wconf 89' lang='lat' dir='ltr'>Continua</span> <span class='ocrx_word' id='word_1_159' title='bbox 1599 1507 1708 1555; x_wconf 89' lang='lat' dir='ltr'>inde</span> <span class='ocrx_word' id='word_1_160' title='bbox 1741 1523 1794 1555; x_wconf 88' lang='lat' dir='ltr'>ac</span> 
     </span>
    </p>
   </div>
   <div class='ocr_carea' id='block_1_3' title="bbox 1061 1715 1796 1771">
    <p class='ocr_par' dir='ltr' id='par_1_3' title="bbox 1061 1715 1796 1771">
     <span class='ocr_line' id='line_1_19' title="bbox 1061 1715 1796 1771; baseline -0.008 -13"><span class='ocrx_word' id='word_1_161' title='bbox 1061 1719 1243 1758; x_wconf 77' lang='lat' dir='ltr'>terribilis</span> <span class='ocrx_word' id='word_1_162' title='bbox 1247 1718 1348 1771; x_wconf 79' lang='lat' dir='ltr'>fuit,</span> <span class='ocrx_word' id='word_1_163' title='bbox 1366 1722 1410 1755; x_wconf 78' lang='lat' dir='ltr'>ut</span> <span class='ocrx_word' id='word_1_164' title='bbox 1423 1716 1535 1768; x_wconf 63' lang='lat' dir='ltr'>plane</span> <span class='ocrx_word' id='word_1_165' title='bbox 1554 1721 1646 1754; x_wconf 78' lang='lat' dir='ltr'>nuta</span> <span class='ocrx_word' id='word_1_166' title='bbox 1667 1715 1718 1753; x_wconf 79' lang='lat' dir='ltr'>ad</span> <span class='ocrx_word' id='word_1_167' title='bbox 1734 1715 1796 1753; x_wconf 76' lang='lat' dir='ltr'>ho-</span> 
     </span>
    </p>
   </div>
   <div class='ocr_carea' id='block_1_4' title="bbox 309 1708 1795 1821">
    <p class='ocr_par' dir='ltr' id='par_1_4' title="bbox 309 1708 1795 1821">
     <span class='ocr_line' id='line_1_20' title="bbox 309 1708 992 1771; baseline 0.003 -15"><span class='ocrx_word' id='word_1_168' title='bbox 309 1708 436 1756; x_wconf 37' lang='lat' dir='ltr'>¹‘Per</span> <span class='ocrx_word' id='word_1_169' title='bbox 470 1718 592 1756; x_wconf 85' lang='lat' dir='ltr'>orbem</span> <span class='ocrx_word' id='word_1_170' title='bbox 635 1725 746 1757; x_wconf 83' lang='lat' dir='ltr'>terroe</span> <span class='ocrx_word' id='word_1_171' title='bbox 793 1720 992 1771; x_wconf 77' lang='lat' dir='ltr'>legionum.</span> 
     </span>
     <span class='ocr_line' id='line_1_21' title="bbox 1060 1770 1795 1821; baseline -0.005 -10"><span class='ocrx_word' id='word_1_172' title='bbox 1060 1774 1195 1811; x_wconf 79' lang='lat' dir='ltr'>minum</span> <span class='ocrx_word' id='word_1_173' title='bbox 1226 1773 1431 1818; x_wconf 79' lang='lat' dir='ltr'>interitum,</span> <span class='ocrx_word' id='word_1_174' title='bbox 1458 1770 1604 1808; x_wconf 75' lang='lat' dir='ltr'>urbium</span> <span class='ocrx_word' id='word_1_175' title='bbox 1627 1775 1795 1821; x_wconf 67' lang='lat' dir='ltr'>stragem</span> 
     </span>
    </p>
   </div>
   <div class='ocr_carea' id='block_1_5' title="bbox 255 1770 989 1825">
    <p class='ocr_par' dir='ltr' id='par_1_5' title="bbox 255 1770 989 1825">
     <span class='ocr_line' id='line_1_22' title="bbox 255 1770 989 1825; baseline 0.003 -16"><span class='ocrx_word' id='word_1_176' title='bbox 255 1770 414 1817; x_wconf 66' lang='lat' dir='ltr'>Quanta</span> <span class='ocrx_word' id='word_1_177' title='bbox 449 1781 529 1809; x_wconf 81' lang='lat' dir='ltr'>arte</span> <span class='ocrx_word' id='word_1_178' title='bbox 565 1772 726 1822; x_wconf 77' lang='lat' dir='ltr'>legiones</span> <span class='ocrx_word' id='word_1_179' title='bbox 760 1787 826 1825; x_wconf 83' lang='lat' dir='ltr'>per</span> <span class='ocrx_word' id='word_1_180' title='bbox 860 1775 989 1812; x_wconf 76' lang='lat' dir='ltr'>orbem</span> 
     </span>
    </p>
   </div>
   <div class='ocr_carea' id='block_1_6' title="bbox 249 1827 992 3004">
    <p class='ocr_par' dir='ltr' id='par_1_6' title="bbox 254 1827 992 1930">
     <span class='ocr_line' id='line_1_23' title="bbox 254 1827 992 1866; baseline 0.003 -2"><span class='ocrx_word' id='word_1_181' title='bbox 254 1831 362 1864; x_wconf 69' lang='lat' dir='ltr'>teri-ae</span> <span class='ocrx_word' id='word_1_182' title='bbox 381 1834 500 1864; x_wconf 82' lang='lat' dir='ltr'>essent</span> <span class='ocrx_word' id='word_1_183' title='bbox 529 1827 714 1865; x_wconf 78' lang='lat' dir='ltr'>dcductae&#39;</span> <span class='ocrx_word' id='word_1_184' title='bbox 736 1828 901 1866; x_wconf 77' lang='lat' dir='ltr'>vidimus</span> <span class='ocrx_word' id='word_1_185' title='bbox 929 1842 992 1866; x_wconf 88' lang='lat' dir='ltr'>su-</span> 
     </span>
     <span class='ocr_line' id='line_1_24' title="bbox 255 1880 621 1930; baseline 0.003 -13"><span class='ocrx_word' id='word_1_186' title='bbox 255 1893 325 1930; x_wconf 83' lang='lat' dir='ltr'>pra</span> <span class='ocrx_word' id='word_1_187' title='bbox 341 1880 483 1918; x_wconf 81' lang='lat' dir='ltr'>Annal.</span> <span class='ocrx_word' id='word_1_188' title='bbox 503 1890 563 1918; x_wconf 86' lang='lat' dir='ltr'>lv.</span> <span class='ocrx_word' id='word_1_189' title='bbox 583 1884 621 1918; x_wconf 82' lang='lat'>5.</span> 
     </span>
    </p>

    <p class='ocr_par' dir='ltr' id='par_1_7' title="bbox 250 1933 990 2521">
     <span class='ocr_line' id='line_1_25' title="bbox 308 1933 990 1983; baseline 0.001 -12"><span class='ocrx_word' id='word_1_190' title='bbox 308 1933 324 1948; x_wconf 77' lang='lat'><em>²</em></span> <span class='ocrx_word' id='word_1_191' title='bbox 354 1933 756 1983; x_wconf 75' lang='lat' dir='ltr'>Libertinorumfiliis.</span> <span class='ocrx_word' id='word_1_192' title='bbox 783 1935 990 1973; x_wconf 82' lang='lat' dir='ltr'>Suetonius</span> 
     </span>
     <span class='ocr_line' id='line_1_26' title="bbox 253 1987 990 2039; baseline 0.003 -15"><span class='ocrx_word' id='word_1_193' title='bbox 253 1989 292 2025; x_wconf 83' lang='lat' dir='ltr'>in</span> <span class='ocrx_word' id='word_1_194' title='bbox 320 1987 462 2026; x_wconf 84' lang='lat' dir='ltr'>Claud.</span> <span class='ocrx_word' id='word_1_195' title='bbox 493 2000 619 2025; x_wconf 78' lang='lat' dir='ltr'>xxw.</span> <span class='ocrx_word' id='word_1_196' title='bbox 647 1987 857 2026; x_wconf 85' lang='lat' dir='ltr'>Claudiurn</span> <span class='ocrx_word' id='word_1_197' title='bbox 887 1990 990 2039; x_wconf 88' lang='lat' dir='ltr'>igno-</span> 
     </span>
     <span class='ocr_line' id='line_1_27' title="bbox 254 2039 990 2093; baseline 0.003 -15"><span class='ocrx_word' id='word_1_198' title='bbox 254 2042 384 2079; x_wconf 76' lang='lat' dir='ltr'>rantiae</span> <span class='ocrx_word' id='word_1_199' title='bbox 419 2042 547 2093; x_wconf 77' lang='lat' dir='ltr'>arguit</span> <span class='ocrx_word' id='word_1_200' title='bbox 568 2039 634 2079; x_wconf 73' lang='lat' dir='ltr'>&#39;his</span> <span class='ocrx_word' id='word_1_201' title='bbox 663 2042 807 2079; x_wconf 83' lang='lat' dir='ltr'>verbis:</span> <span class='ocrx_word' id='word_1_202' title='bbox 849 2043 990 2092; x_wconf 81' lang='lat' dir='ltr'>Repre-</span> 
     </span>
     <span class='ocr_line' id='line_1_28' title="bbox 253 2095 988 2146; baseline 0.003 -14"><span class='ocrx_word' id='word_1_203' title='bbox 253 2095 459 2133; x_wconf 71' lang='lat' dir='ltr'>hensionem</span> <span class='ocrx_word' id='word_1_204' title='bbox 491 2108 635 2141; x_wconf 75' lang='lat' dir='ltr'>verens,</span> <span class='ocrx_word' id='word_1_205' title='bbox 670 2095 782 2133; x_wconf 87' lang='lat' dir='ltr'>etiam</span> <span class='ocrx_word' id='word_1_206' title='bbox 826 2096 988 2146; x_wconf 80' lang='lat' dir='ltr'>Appium</span> 
     </span>
     <span class='ocr_line' id='line_1_29' title="bbox 253 2148 987 2200; baseline 0.004 -15"><span class='ocrx_word' id='word_1_207' title='bbox 253 2149 409 2194; x_wconf 43' lang='lat' dir='ltr'>cacum,</span> <span class='ocrx_word' id='word_1_208' title='bbox 444 2150 593 2200; x_wconf 75' lang='lat' dir='ltr'>generis</span> <span class='ocrx_word' id='word_1_209' title='bbox 628 2148 687 2186; x_wconf 75' lang='lat' dir='ltr'>sui</span> <span class='ocrx_word' id='word_1_210' title='bbox 713 2155 987 2198; x_wconf 82' lang='lat' dir='ltr'>proauctorem,</span> 
     </span>
     <span class='ocr_line' id='line_1_30' title="bbox 252 2203 990 2252; baseline 0.003 -12"><span class='ocrx_word' id='word_1_211' title='bbox 252 2216 449 2249; x_wconf 78' lang='lat' dir='ltr'>censorem,</span> <span class='ocrx_word' id='word_1_212' title='bbox 475 2203 844 2252; x_wconf 78' lang='lat' dir='ltr'>libertinorumfilios</span> <span class='ocrx_word' id='word_1_213' title='bbox 871 2203 909 2240; x_wconf 81' lang='lat' dir='ltr'>in</span> <span class='ocrx_word' id='word_1_214' title='bbox 934 2218 990 2242; x_wconf 83' lang='lat' dir='ltr'>se-</span> 
     </span>
     <span class='ocr_line' id='line_1_31' title="bbox 250 2256 986 2308; baseline 0.003 -15"><span class='ocrx_word' id='word_1_215' title='bbox 250 2262 378 2294; x_wconf 79' lang='lat' dir='ltr'>mztmn</span> <span class='ocrx_word' id='word_1_216' title='bbox 417 2257 589 2308; x_wconf 71' lang='lat' dir='ltr'>allegisse</span> <span class='ocrx_word' id='word_1_217' title='bbox 623 2256 770 2294; x_wconf 76' lang='lat' dir='ltr'>docuit:</span> <span class='ocrx_word' id='word_1_218' title='bbox 819 2256 986 2307; x_wconf 70' lang='lat' dir='ltr'>ignarus,</span> 
     </span>
     <span class='ocr_line' id='line_1_32' title="bbox 252 2309 987 2360; baseline 0.003 -14"><span class='ocrx_word' id='word_1_219' title='bbox 252 2311 474 2360; x_wconf 75' lang='lat' dir='ltr'>temporibus</span> <span class='ocrx_word' id='word_1_220' title='bbox 494 2309 624 2360; x_wconf 82' lang='lat' dir='ltr'>Appii,</span> <span class='ocrx_word' id='word_1_221' title='bbox 654 2315 692 2347; x_wconf 77' lang='lat' dir='ltr'>et</span> <span class='ocrx_word' id='word_1_222' title='bbox 723 2310 891 2360; x_wconf 79' lang='lat' dir='ltr'>deinceps</span> <span class='ocrx_word' id='word_1_223' title='bbox 918 2311 987 2348; x_wconf 86' lang='lat' dir='ltr'>ali-</span> 
     </span>
     <span class='ocr_line' id='line_1_33' title="bbox 251 2363 987 2415; baseline 0.004 -15"><span class='ocrx_word' id='word_1_224' title='bbox 251 2364 424 2414; x_wconf 75' lang='lat' dir='ltr'>quamdiu</span> <span class='ocrx_word' id='word_1_225' title='bbox 444 2364 634 2415; x_wconf 75' lang='lat' dir='ltr'>libertiuos</span> <span class='ocrx_word' id='word_1_226' title='bbox 654 2363 786 2408; x_wconf 81' lang='lat' dir='ltr'>dictos,</span> <span class='ocrx_word' id='word_1_227' title='bbox 801 2376 872 2400; x_wconf 82' lang='lat' dir='ltr'>non</span> <span class='ocrx_word' id='word_1_228' title='bbox 889 2364 987 2414; x_wconf 77' lang='lat' dir='ltr'>ipsos</span> 
     </span>
     <span class='ocr_line' id='line_1_34' title="bbox 250 2417 986 2468; baseline 0.005 -15"><span class='ocrx_word' id='word_1_229' title='bbox 250 2417 317 2466; x_wconf 78' lang='lat' dir='ltr'>qui</span> <span class='ocrx_word' id='word_1_230' title='bbox 332 2417 695 2464; x_wconf 74' lang='lat' dir='ltr'>manumitterentur,</span> <span class='ocrx_word' id='word_1_231' title='bbox 720 2417 785 2454; x_wconf 75' lang='lat' dir='ltr'>sed</span> <span class='ocrx_word' id='word_1_232' title='bbox 807 2418 986 2468; x_wconf 75' lang='lat' dir='ltr'>ingenuos</span> 
     </span>
     <span class='ocr_line' id='line_1_35' title="bbox 250 2471 609 2521; baseline 0.003 -15"><span class='ocrx_word' id='word_1_233' title='bbox 250 2484 295 2507; x_wconf 67' lang='lat' dir='ltr'>ex</span> <span class='ocrx_word' id='word_1_234' title='bbox 310 2471 367 2507; x_wconf 71' lang='lat' dir='ltr'>his</span> <span class='ocrx_word' id='word_1_235' title='bbox 377 2477 609 2521; x_wconf 79' lang='lat' dir='ltr'>procreatos.</span> 
     </span>
    </p>

    <p class='ocr_par' dir='ltr' id='par_1_8' title="bbox 249 2521 986 2628">
     <span class='ocr_line' id='line_1_36' title="bbox 304 2521 986 2574; baseline -0.001 -11"><span class='ocrx_word' id='word_1_236' title='bbox 304 2521 320 2543; x_wconf 84' lang='lat'>³</span> <span class='ocrx_word' id='word_1_237' title='bbox 341 2525 499 2574; x_wconf 79' lang='lat' dir='ltr'>Repens.</span> <span class='ocrx_word' id='word_1_238' title='bbox 516 2525 579 2562; x_wconf 85' lang='lat' dir='ltr'>Sic</span> <span class='ocrx_word' id='word_1_239' title='bbox 592 2531 742 2571; x_wconf 79' lang='lat' dir='ltr'>veteres,</span> <span class='ocrx_word' id='word_1_240' title='bbox 756 2536 803 2562; x_wconf 93' lang='lat' dir='ltr'>ac</span> <span class='ocrx_word' id='word_1_241' title='bbox 812 2524 986 2573; x_wconf 88' lang='lat' dir='ltr'>Tacitus,</span> 
     </span>
     <span class='ocr_line' id='line_1_37' title="bbox 249 2578 624 2628; baseline -0.003 -13"><span class='ocrx_word' id='word_1_242' title='bbox 249 2578 380 2615; x_wconf 76' lang='lat' dir='ltr'>dixero</span> <span class='ocrx_word' id='word_1_243' title='bbox 399 2591 468 2628; x_wconf 84' lang='lat' dir='ltr'>pro</span> <span class='ocrx_word' id='word_1_244' title='bbox 487 2591 624 2616; x_wconf 78' lang='lat' dir='ltr'>recens.</span> 
     </span>
    </p>

    <p class='ocr_par' dir='ltr' id='par_1_9' title="bbox 249 2630 987 3004">
     <span class='ocr_line' id='line_1_38' title="bbox 304 2630 987 2681; baseline -0.001 -12"><span class='ocrx_word' id='word_1_245' title='bbox 304 2630 326 2652; x_wconf 78' lang='lat'>⁴</span> <span class='ocrx_word' id='word_1_246' title='bbox 353 2632 443 2671; x_wconf 72' lang='lat' dir='ltr'>Cum</span> <span class='ocrx_word' id='word_1_247' title='bbox 464 2631 679 2669; x_wconf 75' lang='lat' dir='ltr'>Senonibus.</span> <span class='ocrx_word' id='word_1_248' title='bbox 709 2631 868 2681; x_wconf 87' lang='lat' dir='ltr'>Populis</span> <span class='ocrx_word' id='word_1_249' title='bbox 887 2631 987 2681; x_wconf 86' lang='lat' dir='ltr'>Lug-</span> 
     </span>
     <span class='ocr_line' id='line_1_39' title="bbox 250 2685 985 2735; baseline -0.001 -12"><span class='ocrx_word' id='word_1_250' title='bbox 250 2685 429 2723; x_wconf 82' lang='lat' dir='ltr'>dunensis</span> <span class='ocrx_word' id='word_1_251' title='bbox 439 2685 580 2724; x_wconf 72' lang='lat' dir='ltr'>Gallia».</span> <span class='ocrx_word' id='word_1_252' title='bbox 591 2685 870 2735; x_wconf 78' lang='lat' dir='ltr'>potentissimis,</span> <span class='ocrx_word' id='word_1_253' title='bbox 882 2696 985 2723; x_wconf 86' lang='lat' dir='ltr'>nunc</span> 
     </span>
     <span class='ocr_line' id='line_1_40' title="bbox 250 2737 986 2777; baseline -0.004 0"><span class='ocrx_word' id='word_1_254' title='bbox 250 2740 345 2777; x_wconf 74' lang='lat' dir='ltr'>Sens-</span> <span class='ocrx_word' id='word_1_255' title='bbox 365 2740 440 2776; x_wconf 74' lang='lat' dir='ltr'>and</span> <span class='ocrx_word' id='word_1_256' title='bbox 464 2740 647 2777; x_wconf 74' lang='lat' dir='ltr'>Auxerre.</span> <span class='ocrx_word' id='word_1_257' title='bbox 705 2739 765 2775; x_wconf 85' lang='lat' dir='ltr'>De</span> <span class='ocrx_word' id='word_1_258' title='bbox 795 2737 871 2775; x_wconf 84' lang='lat' dir='ltr'>illis</span> <span class='ocrx_word' id='word_1_259' title='bbox 899 2737 986 2775; x_wconf 83' lang='lat' dir='ltr'>Flo-</span> 
     </span>
     <span class='ocr_line' id='line_1_41' title="bbox 249 2791 985 2842; baseline -0.003 -12"><span class='ocrx_word' id='word_1_260' title='bbox 249 2806 326 2839; x_wconf 83' lang='lat' dir='ltr'>rus,</span> <span class='ocrx_word' id='word_1_261' title='bbox 346 2802 377 2830; x_wconf 85' lang='lat'>1.</span> <span class='ocrx_word' id='word_1_262' title='bbox 401 2797 461 2830; x_wconf 85' lang='lat'>13.</span> <span class='ocrx_word' id='word_1_263' title='bbox 491 2793 598 2830; x_wconf 80' lang='lat' dir='ltr'>Galli</span> <span class='ocrx_word' id='word_1_264' title='bbox 613 2791 785 2837; x_wconf 79' lang='lat' dir='ltr'>Senones,</span> <span class='ocrx_word' id='word_1_265' title='bbox 810 2805 902 2842; x_wconf 82' lang='lat' dir='ltr'>gens</span> <span class='ocrx_word' id='word_1_266' title='bbox 920 2804 985 2829; x_wconf 80' lang='lat' dir='ltr'>na-</span> 
     </span>
     <span class='ocr_line' id='line_1_42' title="bbox 250 2845 985 2897; baseline -0.003 -14"><span class='ocrx_word' id='word_1_267' title='bbox 250 2846 340 2883; x_wconf 70' lang='lat' dir='ltr'>tur-(1</span> <span class='ocrx_word' id='word_1_268' title='bbox 354 2846 486 2897; x_wconf 73' lang='lat' dir='ltr'>ferox,</span> <span class='ocrx_word' id='word_1_269' title='bbox 513 2846 675 2883; x_wconf 79' lang='lat' dir='ltr'>moribus</span> <span class='ocrx_word' id='word_1_270' title='bbox 703 2845 907 2889; x_wconf 79' lang='lat' dir='ltr'>incondita,</span> <span class='ocrx_word' id='word_1_271' title='bbox 934 2845 985 2882; x_wconf 84' lang='lat' dir='ltr'>ad</span> 
     </span>
     <span class='ocr_line' id='line_1_43' title="bbox 249 2898 984 2950; baseline -0.001 -14"><span class='ocrx_word' id='word_1_272' title='bbox 249 2900 317 2938; x_wconf 79' lang='lat' dir='ltr'>hoc</span> <span class='ocrx_word' id='word_1_273' title='bbox 331 2899 412 2949; x_wconf 74' lang='lat' dir='ltr'>ipsc&#39;i</span> <span class='ocrx_word' id='word_1_274' title='bbox 429 2913 621 2950; x_wconf 72' lang='lat' dir='ltr'>corporane</span> <span class='ocrx_word' id='word_1_275' title='bbox 637 2899 741 2944; x_wconf 76' lang='lat' dir='ltr'>mole,</span> <span class='ocrx_word' id='word_1_276' title='bbox 754 2898 908 2949; x_wconf 78' lang='lat' dir='ltr'>perinde</span> <span class='ocrx_word' id='word_1_277' title='bbox 922 2910 984 2935; x_wconf 83' lang='lat' dir='ltr'>ar-</span> 
     </span>
     <span class='ocr_line' id='line_1_44' title="bbox 249 2952 983 3004; baseline -0.001 -14"><span class='ocrx_word' id='word_1_278' title='bbox 249 2954 318 2991; x_wconf 82' lang='lat' dir='ltr'>mis</span> <span class='ocrx_word' id='word_1_279' title='bbox 345 2953 568 3004; x_wconf 77' lang='lat' dir='ltr'>ingentibus,</span> <span class='ocrx_word' id='word_1_280' title='bbox 599 2952 689 2991; x_wconf 72' lang='lat' dir='ltr'>adeo</span> <span class='ocrx_word' id='word_1_281' title='bbox 719 2952 816 2991; x_wconf 85' lang='lat' dir='ltr'>omni</span> <span class='ocrx_word' id='word_1_282' title='bbox 845 2964 983 3003; x_wconf 80' lang='lat' dir='ltr'>genere</span> 
     </span>
    </p>
   </div>
   <div class='ocr_carea' id='block_1_7' title="bbox 1055 1828 1826 2990">
    <p class='ocr_par' dir='ltr' id='par_1_10' title="bbox 1060 1828 1263 1866">
     <span class='ocr_line' id='line_1_45' title="bbox 1060 1828 1263 1866; baseline -0.01 0"><span class='ocrx_word' id='word_1_283' title='bbox 1060 1828 1263 1866; x_wconf 69' lang='lat' dir='ltr'>videretur.</span> 
     </span>
    </p>

    <p class='ocr_par' dir='ltr' id='par_1_11' title="bbox 1057 1877 1802 2187">
     <span class='ocr_line' id='line_1_46' title="bbox 1115 1877 1798 1930; baseline -0.004 -12"><span class='ocrx_word' id='word_1_284' title='bbox 1115 1879 1128 1901; x_wconf 85' lang='lat'>⁵</span> <span class='ocrx_word' id='word_1_285' title='bbox 1166 1880 1291 1919; x_wconf 79' lang='lat' dir='ltr'>Volsci</span> <span class='ocrx_word' id='word_1_286' title='bbox 1310 1886 1348 1918; x_wconf 82' lang='lat' dir='ltr'>et</span> <span class='ocrx_word' id='word_1_287' title='bbox 1371 1877 1501 1930; x_wconf 86' lang='lat' dir='ltr'>AEqui.</span> <span class='ocrx_word' id='word_1_288' title='bbox 1529 1877 1664 1916; x_wconf 87' lang='lat' dir='ltr'>Volsci</span> <span class='ocrx_word' id='word_1_289' title='bbox 1691 1889 1798 1915; x_wconf 85' lang='lat' dir='ltr'>nunc</span> 
     </span>
     <span class='ocr_line' id='line_1_47' title="bbox 1063 1930 1796 1983; baseline -0.007 -11"><span class='ocrx_word' id='word_1_290' title='bbox 1063 1934 1139 1972; x_wconf 75' lang='lat' dir='ltr'>lee</span> <span class='ocrx_word' id='word_1_291' title='bbox 1152 1935 1328 1972; x_wconf 78' lang='lat' dir='ltr'>southern</span> <span class='ocrx_word' id='word_1_292' title='bbox 1344 1938 1454 1983; x_wconf 73' lang='lat' dir='ltr'>parts</span> <span class='ocrx_word' id='word_1_293' title='bbox 1474 1931 1523 1983; x_wconf 79' lang='lat' dir='ltr'>qf</span> <span class='ocrx_word' id='word_1_294' title='bbox 1532 1930 1594 1968; x_wconf 76' lang='lat' dir='ltr'>the</span> <span class='ocrx_word' id='word_1_295' title='bbox 1610 1930 1796 1968; x_wconf 77' lang='lat' dir='ltr'>Provinee</span> 
     </span>
     <span class='ocr_line' id='line_1_48' title="bbox 1058 1984 1802 2039; baseline -0.007 -13"><span class='ocrx_word' id='word_1_296' title='bbox 1058 1987 1106 2039; x_wconf 88' lang='lat' dir='ltr'>os</span> <span class='ocrx_word' id='word_1_297' title='bbox 1118 1988 1245 2034; x_wconf 85' lang='lat' dir='ltr'>Rome,</span> <span class='ocrx_word' id='word_1_298' title='bbox 1261 1987 1336 2025; x_wconf 83' lang='lat' dir='ltr'>and</span> <span class='ocrx_word' id='word_1_299' title='bbox 1353 1987 1414 2024; x_wconf 71' lang='lat' dir='ltr'>tlte</span> <span class='ocrx_word' id='word_1_300' title='bbox 1431 1985 1608 2023; x_wconf 75' lang='lat' dir='ltr'>northern</span> <span class='ocrx_word' id='word_1_301' title='bbox 1623 1989 1734 2035; x_wconf 73' lang='lat' dir='ltr'>parts</span> <span class='ocrx_word' id='word_1_302' title='bbox 1752 1984 1802 2036; x_wconf 76' lang='lat' dir='ltr'>of</span> 
     </span>
     <span class='ocr_line' id='line_1_49' title="bbox 1061 2037 1794 2089; baseline -0.005 -10"><span class='ocrx_word' id='word_1_303' title='bbox 1061 2042 1182 2079; x_wconf 85' lang='lat' dir='ltr'>Terra</span> <span class='ocrx_word' id='word_1_304' title='bbox 1226 2041 1268 2079; x_wconf 84' lang='lat' dir='ltr'>di</span> <span class='ocrx_word' id='word_1_305' title='bbox 1313 2040 1475 2078; x_wconf 75' lang='lat' dir='ltr'>Lavoro.</span> <span class='ocrx_word' id='word_1_306' title='bbox 1555 2037 1686 2089; x_wconf 84' lang='lat' dir='ltr'>AEqui‚</span> <span class='ocrx_word' id='word_1_307' title='bbox 1731 2037 1794 2076; x_wconf 75' lang='lat' dir='ltr'>the</span> 
     </span>
     <span class='ocr_line' id='line_1_50' title="bbox 1057 2089 1802 2146; baseline -0.004 -14"><span class='ocrx_word' id='word_1_308' title='bbox 1057 2101 1212 2133; x_wconf 79' lang='lat' dir='ltr'>western</span> <span class='ocrx_word' id='word_1_309' title='bbox 1237 2099 1349 2146; x_wconf 78' lang='lat' dir='ltr'>parts</span> <span class='ocrx_word' id='word_1_310' title='bbox 1375 2093 1423 2146; x_wconf 76' lang='lat' dir='ltr'>of</span> <span class='ocrx_word' id='word_1_311' title='bbox 1447 2092 1508 2131; x_wconf 75' lang='lat' dir='ltr'>the</span> <span class='ocrx_word' id='word_1_312' title='bbox 1539 2091 1726 2131; x_wconf 79' lang='lat' dir='ltr'>Province</span> <span class='ocrx_word' id='word_1_313' title='bbox 1752 2089 1802 2143; x_wconf 75' lang='lat' dir='ltr'>qs</span> 
     </span>
     <span class='ocr_line' id='line_1_51' title="bbox 1059 2149 1187 2187; baseline 0.008 -1"><span class='ocrx_word' id='word_1_314' title='bbox 1059 2149 1187 2187; x_wconf 82' lang='lat' dir='ltr'>Rome.</span> 
     </span>
    </p>

    <p class='ocr_par' dir='ltr' id='par_1_12' title="bbox 1057 2197 1789 2359">
     <span class='ocr_line' id='line_1_52' title="bbox 1110 2197 1789 2252; baseline -0.007 -12"><span class='ocrx_word' id='word_1_315' title='bbox 1110 2198 1128 2219; x_wconf 93' lang='lat'><strong>⁶</strong></span> <span class='ocrx_word' id='word_1_316' title='bbox 1145 2201 1257 2252; x_wconf 82' lang='lat' dir='ltr'>Capti</span> <span class='ocrx_word' id='word_1_317' title='bbox 1281 2201 1304 2239; x_wconf 81' lang='grc' dir='ltr'><em>ὰ</em></span> <span class='ocrx_word' id='word_1_318' title='bbox 1330 2200 1468 2240; x_wconf 68' lang='lat' dir='ltr'>Gallis.</span> <span class='ocrx_word' id='word_1_319' title='bbox 1497 2201 1533 2238; x_wconf 87' lang='lat' dir='ltr'>A</span> <span class='ocrx_word' id='word_1_320' title='bbox 1565 2197 1692 2237; x_wconf 80' lang='lat' dir='ltr'>Gallis</span> <span class='ocrx_word' id='word_1_321' title='bbox 1723 2197 1789 2236; x_wconf 87' lang='lat' dir='ltr'>Se-</span> 
     </span>
     <span class='ocr_line' id='line_1_53' title="bbox 1057 2252 1789 2303; baseline -0.003 -11"><span class='ocrx_word' id='word_1_322' title='bbox 1057 2256 1234 2303; x_wconf 87' lang='lat' dir='ltr'>nonibus,</span> <span class='ocrx_word' id='word_1_323' title='bbox 1263 2264 1308 2294; x_wconf 91' lang='lat' dir='ltr'>ut</span> <span class='ocrx_word' id='word_1_324' title='bbox 1331 2255 1480 2293; x_wconf 85' lang='lat' dir='ltr'>dictum</span> <span class='ocrx_word' id='word_1_325' title='bbox 1506 2254 1546 2292; x_wconf 89' lang='lat' dir='ltr'>in</span> <span class='ocrx_word' id='word_1_326' title='bbox 1574 2252 1672 2291; x_wconf 75' lang='lat' dir='ltr'>notis</span> <span class='ocrx_word' id='word_1_327' title='bbox 1701 2264 1789 2303; x_wconf 80' lang='lat' dir='ltr'>cap.</span> 
     </span>
     <span class='ocr_line' id='line_1_54' title="bbox 1057 2322 1142 2359; baseline 0.012 -12"><span class='ocrx_word' id='word_1_328' title='bbox 1057 2322 1142 2359; x_wconf 85' lang='lat' dir='ltr'>sup.</span> 
     </span>
    </p>

    <p class='ocr_par' dir='ltr' id='par_1_13' title="bbox 1057 2359 1826 2568">
     <span class='ocr_line' id='line_1_55' title="bbox 1112 2359 1794 2410; baseline -0.004 -10"><span class='ocrx_word' id='word_1_329' title='bbox 1112 2361 1127 2383; x_wconf 96' lang='lat'>⁷</span> <span class='ocrx_word' id='word_1_330' title='bbox 1156 2362 1308 2401; x_wconf 75' lang='lat' dir='ltr'>Obsides</span> <span class='ocrx_word' id='word_1_331' title='bbox 1329 2362 1506 2400; x_wconf 75' lang='lat' dir='ltr'>dedimus.</span> <span class='ocrx_word' id='word_1_332' title='bbox 1534 2361 1659 2410; x_wconf 84' lang='lat' dir='ltr'>Capto</span> <span class='ocrx_word' id='word_1_333' title='bbox 1686 2359 1794 2398; x_wconf 81' lang='lat' dir='ltr'>Jani-</span> 
     </span>
     <span class='ocr_line' id='line_1_56' title="bbox 1057 2413 1791 2464; baseline -0.005 -10"><span class='ocrx_word' id='word_1_334' title='bbox 1057 2416 1161 2462; x_wconf 90' lang='lat' dir='ltr'>culo,</span> <span class='ocrx_word' id='word_1_335' title='bbox 1188 2416 1335 2454; x_wconf 85' lang='lat' dir='ltr'>obsides</span> <span class='ocrx_word' id='word_1_336' title='bbox 1363 2416 1548 2461; x_wconf 72' lang='lat' dir='ltr'>Porsenae,</span> <span class='ocrx_word' id='word_1_337' title='bbox 1574 2413 1650 2464; x_wconf 81' lang='lat' dir='ltr'>regi</span> <span class='ocrx_word' id='word_1_338' title='bbox 1674 2413 1791 2450; x_wconf 76' lang='lat' dir='ltr'>Etru-</span> 
     </span>
     <span class='ocr_line' id='line_1_57' title="bbox 1058 2463 1826 2517; baseline -0.004 -10"><span class='ocrx_word' id='word_1_339' title='bbox 1058 2468 1134 2517; x_wconf 79' lang='lat' dir='ltr'>riae,</span> <span class='ocrx_word' id='word_1_340' title='bbox 1155 2470 1290 2508; x_wconf 82' lang='lat' dir='ltr'>dedere</span> <span class='ocrx_word' id='word_1_341' title='bbox 1311 2470 1472 2507; x_wconf 85' lang='lat' dir='ltr'>Romani</span> <span class='ocrx_word' id='word_1_342' title='bbox 1495 2471 1544 2506; x_wconf 82' lang='lat' dir='ltr'>A.</span> <span class='ocrx_word' id='word_1_343' title='bbox 1564 2467 1613 2506; x_wconf 91' lang='lat' dir='ltr'>U.</span> <span class='ocrx_word' id='word_1_344' title='bbox 1631 2467 1679 2504; x_wconf 84' lang='lat' dir='ltr'>C.</span> <span class='ocrx_word' id='word_1_345' title='bbox 1697 2463 1790 2505; x_wconf 76' lang='lat'><strong>246.</strong></span> <span class='ocrx_word' id='word_1_346' title='bbox 1821 2511 1826 2516; x_wconf 42' lang='grc'><em>,</em></span> 
     </span>
     <span class='ocr_line' id='line_1_58' title="bbox 1058 2522 1732 2568; baseline -0.004 -7"><span class='ocrx_word' id='word_1_347' title='bbox 1058 2524 1200 2568; x_wconf 84' lang='lat' dir='ltr'>Livius,</span> <span class='ocrx_word' id='word_1_348' title='bbox 1216 2535 1265 2562; x_wconf 89' lang='lat'>11.</span> <span class='ocrx_word' id='word_1_349' title='bbox 1287 2527 1350 2561; x_wconf 82' lang='lat'>13.</span> <span class='ocrx_word' id='word_1_350' title='bbox 1369 2522 1470 2562; x_wconf 84' lang='lat' dir='ltr'>Plin.</span> <span class='ocrx_word' id='word_1_351' title='bbox 1488 2532 1648 2559; x_wconf 74' lang='lat' dir='ltr'>xxxvx.</span> <span class='ocrx_word' id='word_1_352' title='bbox 1671 2524 1732 2559; x_wconf 87' lang='grc'>13.</span> 
     </span>
    </p>

    <p class='ocr_par' dir='ltr' id='par_1_14' title="bbox 1055 2573 1791 2886">
     <span class='ocr_line' id='line_1_59' title="bbox 1121 2573 1789 2626; baseline -0.007 -11"><span class='ocrx_word' id='word_1_353' title='bbox 1121 2574 1136 2596; x_wconf 76' lang='lat'>⁸</span> <span class='ocrx_word' id='word_1_354' title='bbox 1172 2577 1394 2614; x_wconf 80' lang='lat' dir='ltr'>Samnitium</span> <span class='ocrx_word' id='word_1_355' title='bbox 1420 2577 1575 2626; x_wconf 64' lang='lat' dir='ltr'>jugum.</span> <span class='ocrx_word' id='word_1_356' title='bbox 1626 2573 1789 2612; x_wconf 88' lang='lat' dir='ltr'>Romani</span> 
     </span>
     <span class='ocr_line' id='line_1_60' title="bbox 1057 2626 1791 2678; baseline -0.005 -10"><span class='ocrx_word' id='word_1_357' title='bbox 1057 2631 1251 2668; x_wconf 85' lang='lat' dir='ltr'>Caudinas</span> <span class='ocrx_word' id='word_1_358' title='bbox 1294 2630 1343 2668; x_wconf 77' lang='lat' dir='ltr'>ad</span> <span class='ocrx_word' id='word_1_359' title='bbox 1391 2628 1518 2666; x_wconf 79' lang='lat' dir='ltr'>furcas</span> <span class='ocrx_word' id='word_1_360' title='bbox 1559 2627 1722 2678; x_wconf 78' lang='lat' dir='ltr'>turpiter</span> <span class='ocrx_word' id='word_1_361' title='bbox 1764 2626 1791 2664; x_wconf 68' lang='grc' dir='ltr'>ὃ,</span> 
     </span>
     <span class='ocr_line' id='line_1_61' title="bbox 1058 2681 1791 2732; baseline -0.004 -11"><span class='ocrx_word' id='word_1_362' title='bbox 1058 2684 1290 2721; x_wconf 82' lang='lat' dir='ltr'>Samnitibus</span> <span class='ocrx_word' id='word_1_363' title='bbox 1317 2683 1436 2727; x_wconf 78' lang='lat' dir='ltr'>victi;</span> <span class='ocrx_word' id='word_1_364' title='bbox 1465 2681 1615 2732; x_wconf 72' lang='lat' dir='ltr'>turpius</span> <span class='ocrx_word' id='word_1_365' title='bbox 1641 2681 1714 2718; x_wconf 86' lang='lat' dir='ltr'>sub</span> <span class='ocrx_word' id='word_1_366' title='bbox 1722 2681 1791 2730; x_wconf 88' lang='lat' dir='ltr'>ju-</span> 
     </span>
     <span class='ocr_line' id='line_1_62' title="bbox 1056 2733 1791 2787; baseline -0.007 -12"><span class='ocrx_word' id='word_1_367' title='bbox 1056 2750 1146 2787; x_wconf 85' lang='lat' dir='ltr'>gum</span> <span class='ocrx_word' id='word_1_368' title='bbox 1178 2737 1280 2774; x_wconf 76' lang='lat' dir='ltr'>missi</span> <span class='ocrx_word' id='word_1_369' title='bbox 1314 2749 1405 2773; x_wconf 87' lang='lat' dir='ltr'>cum</span> <span class='ocrx_word' id='word_1_370' title='bbox 1441 2742 1605 2786; x_wconf 81' lang='lat' dir='ltr'>utroque</span> <span class='ocrx_word' id='word_1_371' title='bbox 1633 2733 1791 2772; x_wconf 67' lang='lat' dir='ltr'>consulo</span> 
     </span>
     <span class='ocr_line' id='line_1_63' title="bbox 1055 2786 1789 2836; baseline -0.005 -8"><span class='ocrx_word' id='word_1_372' title='bbox 1055 2791 1266 2836; x_wconf 80' lang='lat' dir='ltr'>seminudo,</span> <span class='ocrx_word' id='word_1_373' title='bbox 1294 2792 1345 2827; x_wconf 81' lang='lat' dir='ltr'>A.</span> <span class='ocrx_word' id='word_1_374' title='bbox 1372 2789 1419 2826; x_wconf 91' lang='lat' dir='ltr'>U.</span> <span class='ocrx_word' id='word_1_375' title='bbox 1449 2790 1496 2826; x_wconf 91' lang='lat' dir='ltr'>C.</span> <span class='ocrx_word' id='word_1_376' title='bbox 1521 2791 1614 2826; x_wconf 81' lang='lat'><strong>433.</strong></span> <span class='ocrx_word' id='word_1_377' title='bbox 1670 2786 1789 2833; x_wconf 85' lang='lat' dir='ltr'>Quod</span> 
     </span>
     <span class='ocr_line' id='line_1_64' title="bbox 1056 2837 1788 2886; baseline -0.004 -5"><span class='ocrx_word' id='word_1_378' title='bbox 1056 2844 1232 2882; x_wconf 83' lang='lat' dir='ltr'>flebiliter</span> <span class='ocrx_word' id='word_1_379' title='bbox 1242 2842 1421 2883; x_wconf 86' lang='lat' dir='ltr'>describit</span> <span class='ocrx_word' id='word_1_380' title='bbox 1432 2841 1576 2886; x_wconf 78' lang='lat' dir='ltr'>Livius,</span> <span class='ocrx_word' id='word_1_381' title='bbox 1588 2853 1652 2879; x_wconf 73' lang='lat' dir='ltr'>lx.</span> <span class='ocrx_word' id='word_1_382' title='bbox 1665 2844 1688 2880; x_wconf 89' lang='grc'><strong><em>5</em></strong></span> <span class='ocrx_word' id='word_1_383' title='bbox 1699 2848 1738 2877; x_wconf 88' lang='lat' dir='ltr'>et</span> <span class='ocrx_word' id='word_1_384' title='bbox 1747 2837 1788 2878; x_wconf 89' lang='grc'>6.</span> 
     </span>
    </p>

    <p class='ocr_par' dir='ltr' id='par_1_15' title="bbox 1055 2893 1788 2990">
     <span class='ocr_line' id='line_1_65' title="bbox 1110 2893 1788 2946; baseline -0.004 -11"><span class='ocrx_word' id='word_1_385' title='bbox 1110 2897 1128 2918; x_wconf 88' lang='lat'><strong>⁹</strong></span> <span class='ocrx_word' id='word_1_386' title='bbox 1159 2897 1340 2935; x_wconf 79' lang='lat' dir='ltr'>Breviore</span> <span class='ocrx_word' id='word_1_387' title='bbox 1369 2895 1505 2946; x_wconf 79' lang='lat' dir='ltr'>spatio.</span> <span class='ocrx_word' id='word_1_388' title='bbox 1540 2893 1736 2932; x_wconf 85' lang='lat' dir='ltr'>Decenuio</span> <span class='ocrx_word' id='word_1_389' title='bbox 1763 2893 1788 2932; x_wconf 68' lang='grc' dir='ltr'>ὲ</span> 
     </span>
     <span class='ocr_line' id='line_1_66' title="bbox 1055 2946 1653 2990; baseline 0 -1"><span class='ocrx_word' id='word_1_390' title='bbox 1055 2951 1077 2989; x_wconf 89' lang='lat' dir='ltr'>J</span> <span class='ocrx_word' id='word_1_391' title='bbox 1083 2950 1163 2989; x_wconf 89' lang='lat' dir='ltr'>ulio</span> <span class='ocrx_word' id='word_1_392' title='bbox 1181 2951 1330 2990; x_wconf 81' lang='lat' dir='ltr'>Caesare</span> <span class='ocrx_word' id='word_1_393' title='bbox 1348 2948 1494 2987; x_wconf 80' lang='lat' dir='ltr'>domita</span> <span class='ocrx_word' id='word_1_394' title='bbox 1509 2946 1653 2989; x_wconf 77' lang='lat' dir='ltr'>Gallia.</span> 
     </span>
    </p>
   </div>
  </div>
 </body>
</html>
