1858 3224
511 777 1304 852 BREVIARIUM

505 1141 722 1186 LIBRI
762 1141 1033 1186 DECIMI
1071 1134 1323 1189 SEXTI.

214 1487 264 1536 1.
305 1454 591 1533 Nnnoul
631 1472 837 1531 inludit
856 1473 1083 1532 fortuna
1105 1493 1205 1550 per
1225 1474 1523 1534 Cesellium
1546 1476 1684 1536 Bas-

145 1592 290 1642 sum,
318 1573 420 1648 qui
450 1571 744 1629 thesauros
769 1572 830 1627 in
855 1569 1053 1628 Africa
1085 1591 1145 1628 se
1181 1575 1451 1647 reperisse
1475 1577 1685 1634 temere

135 1671 387 1748 jactitat.
458 1674 513 1726 3.
554 1667 759 1724 Gliscit
795 1666 1019 1726 luxuria
1056 1688 1157 1744 spe
1200 1670 1370 1727 inani.
1447 1679 1502 1730 4.
1546 1672 1688 1731 Lus·

146 1769 285 1827 trale
309 1774 593 1826 certamen
618 1767 677 1823 in
705 1785 821 1842 quo
847 1775 1044 1824 cantat
1070 1766 1245 1834 Nem,
1284 1771 1491 1844 magna
1529 1771 1690 1827 audi-

144 1874 333 1928 torum
360 1865 633 1931 molestia,
660 1871 720 1919 et
745 1863 1078 1938 Vespasiani
1109 1865 1377 1938 pericula
1454 1866 1509 1923 6.
1541 1866 1692 1943 Pop-

115 2025 118 2028 ,
146 1983 275 2042 paea
296 1971 535 2020 mortem
560 1962 707 2019 obit:
737 1980 941 2037 corpus
970 1963 1088 2036 ejus
1115 1961 1397 2017 differtum
1425 1964 1690 2022 odoribus

148 2061 440 2120 conditur:
486 2061 676 2117 ductae
727 2066 919 2114 tamen
962 2058 1206 2132 publicas
1253 2060 1555 2133 exsequiae.
1634 2070 1689 2127 7.

151 2159 218 2217 C.
245 2157 486 2225 Cassius„
516 2157 584 2214 L.
614 2155 843 2212 Silanusx
869 2156 929 2210 in
969 2156 1198 2236 exilium
1226 2156 1391 2233 pulsi.
1470 2155 1694 2232 Lepida

149 2254 425 2331 Principis
443 2254 657 2331 judicio
684 2253 967 2329 permissa.
1049 2258 1138 2309 10.
1180 2251 1250 2308 L.
1273 2252 1470 2319 VetuS,
1499 2253 1694 2312 Sextia

147 2362 211 2411 et
234 2353 481 2412 Pollutia
501 2370 700 2408 necem
728 2351 963 2406 subiere.
1033 2356 1121 2409 12.
1151 2348 1387 2406 Mutata
1412 2352 1691 2409 mensium

0 2453 9 2489 Τ
107 2530 110 2532 v
151 2453 398 2508 nomina.
466 2435 552 2508 13'.
579 2448 967 2523 Tempestates
993 2455 1054 2504 et
1078 2447 1273 2518 morbi.
1333 2454 1433 2510 14..
1452 2448 1692 2506 Anteius

150 2557 212 2606 et
261 2547 516 2624 Ostorius
564 2548 638 2604 ad
690 2555 929 2604 mortem
981 2554 1243 2622 aguntur.
1326 2553 1412 2610 17.
1470 2545 1693 2602 Eodem

153 2646 376 2723 agmine
415 2645 667 2704 Annaeus
708 2643 885 2712 Mela,
931 2642 1158 2700 Cerialis
1194 2642 1449 2708 AniciuS‚
1497 2641 1694 2699 Rufius

154 2742 464 2818 Crispinus,
528 2740 595 2798 C.
651 2741 944 2799 Petronius
1013 2740 1281 2798 cecidere.
1384 2746 1476 2796 20.
1544 2738 1694 2796 Siliae

153 2841 401 2901 exilium.
478 2846 571 2898 21.
613 2838 841 2910 Nerone
866 2841 1083 2896 virtutis
1103 2839 1285 2914 ipsius.
1302 2835 1697 2894 exscindendae

155 2938 383 3014 cupido,
403 2938 619 3014 gravior
639 2939 1092 2995 criminationum
1113 2935 1289 2994 moles
1311 2936 1371 2991 in
1391 2932 1695 2990 Thraseam
