1858 3224
209 183 289 226 346
537 205 544 214 ,
676 182 841 226 NOTAE
869 183 938 225 ET
965 183 1410 230 EMENDATIONES

207 286 317 330 Illud
346 285 553 327 inventum
580 284 719 329 laudat
750 287 1042 336 Quintilianus,
1076 288 1253 333 Institut.
1277 291 1395 334 Orat.
1428 305 1460 335 1.
1481 295 1524 339 7.
1582 293 1613 319 “
1631 289 1728 336 Nec

206 359 408 402 inutiliter.
421 358 616 402 Claudius
634 360 840 403 AEolicam
860 361 972 404 illam
987 363 1038 404 ad
1055 363 1132 405 hos
1151 364 1289 407 usus-‘1
1307 365 1466 408 literam
1484 364 1728 423 adjecerat?

265 433 406 476 Altera
422 433 537 475 litera
551 434 627 476 fuit
642 434 852 489 antisigma
873 449 945 487 oc,
966 444 1066 479 teste
1083 437 1308 490 Prisciano,
1330 439 1422 482 Fol.
1441 446 1483 484 5.
1513 444 1540 465 “
1561 438 1674 483 Huic
1693 438 1726 483 S

207 507 456 566 praeponitur
488 507 540 558 P,
567 516 608 549 et
633 508 728 550 loco
748 516 783 551 Ψ
810 510 1003 565 fungitur,
1030 526 1106 567 pro
1125 512 1207 568 qua
1236 512 1434 555 Claudius
1458 512 1598 572 Caesar
1625 512 1737 557 anti-¹

207 584 336 637 sigma
355 582 432 624 hac
450 581 582 637 figura
617 596 674 625 oc
707 582 827 625 scribi
854 582 994 625 voluit.
1055 585 1138 627 Sed
1162 585 1263 628 nulli
1286 585 1373 629 ausi
1402 595 1495 630 suut
1515 585 1728 645 antiqmm

207 657 448 711 scripturam
466 656 662 697 mutare.”

268 730 338 772 De
378 729 497 771 tertia
536 729 652 771 litera
687 729 817 786 major
847 729 1134 773 controversia.
1193 731 1331 775 Immo
1370 733 1437 777 Cl.
1463 731 1642 777 Pitiscuu
1675 734 1727 776 ad

207 803 345 857 locum
369 801 550 844 Suetonii
580 802 929 858 supralaudatum
951 805 1132 847 adnotat.
1192 805 1249 848 In
1270 806 1362 850 III
1377 806 1497 851 literl'z
1521 792 1726 860 licem,

208 893 282 922 nec
307 877 461 919 amilio
486 884 540 918 est
574 875 950 920 Grammaticorum
980 893 1137 921 manus.
1198 879 1298 922 Hac
1331 880 1602 934 confessione,
1627 879 1728 926 inci·

209 961 317 995 tatos
335 966 408 992 nos
419 951 537 1007 juvat
556 950 786 1005 diligentius
802 951 1015 1008 inquirere.
1075 953 1142 995 Ac
1158 954 1294 1009 primo
1314 955 1478 1012 quidem
1495 954 1728 998 Martianus

212 1025 383 1081 Capella
415 1024 542 1066 innuit
572 1024 730 1067 tertiam
763 1025 865 1067 hanc
892 1025 1049 1069 literam
1074 1025 1097 1067 ἒι
1118 1027 1296 1070 Claudio
1315 1028 1440 1072 fuisse
1466 1028 1661 1082 additam,
1679 1035 1729 1072 ut
1772 1084 1776 1089 Ι

205 1099 244 1142 C
258 1099 288 1142 S
311 1099 599 1150 Romanorum,
616 1108 685 1141 aut
701 1105 735 1143 Ξ
750 1099 1008 1152 Graecorum,
1028 1101 1286 1158 exprimeret.
1318 1103 1389 1146 Sic
1407 1104 1517 1146 enim
1533 1101 1725 1160 Capella,

208 1173 281 1215 lib.
305 1187 379 1214 111.
412 1188 452 1228 p.
472 1179 541 1215 55.
584 1177 609 1197 “
633 1173 748 1215 Huic
768 1174 892 1217 literae
915 1175 944 1218 S
966 1174 1102 1218 Divus
1124 1174 1320 1220 Claudius
1341 1177 1380 1220 P
1398 1177 1560 1236 adjecit,
1589 1185 1662 1220 uut
1678 1175 1741 1220 “Gr

209 1256 375 1304 propter
398 1253 433 1288 Ψ
461 1255 502 1288 et
531 1252 565 1290 Ξ
589 1246 770 1299 Graecas,
796 1247 1046 1303 psalterium,
1080 1249 1214 1292 saxa-’³
1272 1250 1380 1294 Haec
1404 1250 1522 1294 valde
1552 1252 1730 1294 obscum

208 1330 324 1368 sunt;
353 1335 428 1362 nec
447 1319 540 1363 inde
559 1319 685 1377 liquet
704 1321 853 1377 quibus
872 1322 978 1364 notis
1004 1323 1042 1364 P
1057 1323 1086 1365 S
1117 1332 1188 1366 aut
1207 1331 1254 1377 Ψ,
1281 1333 1322 1367 et
1343 1324 1380 1368 C
1394 1325 1425 1367 S
1452 1331 1525 1368 >aut
1543 1330 1580 1370 Β
1598 1323 1728 1368 Clau·

208 1394 296 1437 dius
316 1393 571 1450 expresserit.
631 1392 681 1436 In
708 1395 785 1437 hac
815 1404 950 1438 tamen
968 1396 1216 1440 obscuritate
1243 1399 1502 1442 manifestum
1521 1407 1584 1442 est
1604 1398 1728 1456 Juxta

209 1467 423 1523 Capellam
446 1467 662 1510 Claudium
683 1468 841 1510 tertiam
857 1469 1055 1525 reperisse
1074 1470 1247 1522 literam,
1264 1472 1344 1528 qua
1359 1472 1606 1529 exprimeret
1625 1470 1664 1515 C
1677 1471 1726 1523 S,

205 1550 275 1585 aut
305 1547 351 1585 Ξ.
410 1541 611 1584 Vacillare
643 1550 779 1584 tamen
812 1542 912 1584 mihi
943 1542 1101 1586 videtur
1127 1544 1314 1600 Capellae
1346 1545 1726 1604 auctoritas,fqubd
1763 1604 1766 1609 ‚

207 1615 387 1658 Romani
406 1615 598 1658 haberent
616 1615 776 1659 literam
798 1631 845 1668 x,
865 1616 932 1658 cui
951 1619 1092 1660 eaden]
1112 1634 1160 1661 ac
1179 1618 1304 1661 literis
1327 1619 1365 1663 C
1379 1620 1409 1662 S
1430 1628 1471 1663 et
1490 1626 1525 1664 Ξ
1544 1619 1618 1662 vis.

266 1689 410 1731 Potior
429 1689 526 1744 ergo
548 1689 646 1731 mihi
671 1689 828 1731 videtur
848 1690 955 1732 Velii
983 1690 1120 1747 Longi
1150 1693 1360 1736 sententia.
1421 1693 1556 1736 Porro
1577 1693 1636 1741 sic
1653 1692 1722 1737 ille

207 1762 367 1812 Velius,
386 1762 427 1804 in
452 1762 774 1820 Orthographz'd,
798 1762 902 1806 inter
933 1763 1206 1808 Putschianos
1230 1766 1288 1809 rei
1306 1767 1579 1822 grammaticae
1596 1766 1727 1824 scrip-

170 1832 174 1835 ’
204 1844 312 1879 tores
332 1836 441 1879 edita
462 1838 569 1893 apud
588 1837 772 1879 WVechel.
792 1852 897 1880 anno
921 1839 1044 1881 1605.
1076 1845 1106 1864 “
1127 1840 1197 1882 De
1217 1840 1285 1882 VI
1298 1841 1389 1884 RO
1409 1841 1505 1883 vero
1526 1849 1567 1884 et
1586 1839 1722 1884 VIR-

202 1910 388 1954 TUTE
419 1910 491 1952 ubi
523 1909 545 1952 I
573 1909 761 1953 scribitur
786 1919 828 1953 et
858 1912 963 1967 pene
997 1912 1038 1955 U
1072 1914 1313 1956 enuntiatur.
1372 1913 1492 1957 Unde
1528 1913 1722 1957 Tiberius

205 1983 403 2026 Claudius
432 1998 579 2025 novam
609 1985 823 2040 quamdam
855 1984 1013 2027 literam
1040 1987 1300 2043 excogitavit,
1331 1987 1506 2030 similem
1535 1978 1574 2030 ei
1598 1996 1720 2042 notae,

202 2071 325 2114 quam
362 2072 438 2113 pro
462 2056 708 2113 aspiratione
740 2057 878 2101 Graeci
905 2068 1075 2115 ponunt,
1105 2076 1180 2117 per
1208 2077 1330 2118 quam
1359 2061 1629 2114 scriberentur
1661 2075 1720 2105 οε
1744 2120 1748 2127 Ι
1794 2072 1800 2077 ‘

202 2144 339 2182 voces,
372 2138 463 2187 qua}
493 2145 624 2187 neque
658 2133 878 2175 secundum
909 2132 1129 2176 exilitatem
1160 2134 1302 2186 literae,
1334 2151 1466 2193 neque
1495 2136 1719 2182 mundun

199 2203 522 2260 pinguitudinem
542 2203 666 2247 literae
686 2214 844 2258 sonant,
871 2216 915 2248 ut
944 2207 985 2250 in
1016 2207 1199 2261 VIRO,
1230 2208 1558 2263 VIRTUTE,
1586 2222 1719 2267 noque

199 2291 356 2319 tursum
378 2279 598 2319 secundum
620 2278 746 2322 latum
767 2278 891 2323 literae
913 2278 1057 2324 sonum
1074 2283 1387 2336 enuntiarentur,
1409 2283 1590 2336 utinen,
1606 2285 1718 2341 quod

199 2360 261 2392 est
281 2350 417 2393 LEG
431 2351 580 2404 ERE,
613 2352 1008 2397 SCRIBERE.''
1042 2356 1255 2401 Hactenus
1271 2357 1719 2411 Velius3u1inonnibfl

198 2425 305 2466 favet
321 2424 605 2476 Quintilianus,
626 2425 804 2469 Institut.
826 2427 945 2474 Orat.
969 2444 999 2472 1.
1019 2436 1062 2473 4.
1104 2435 1130 2455 ‘⁴
1153 2431 1322 2473 Medius
1345 2438 1406 2474 est
1430 2431 1594 2488 quidam
1614 2431 1655 2474 V
1675 2439 1719 2474 et

198 2497 220 2540 I
241 2497 365 2540 literae
386 2514 520 2540 sonus.
581 2499 621 2542 N
630 2515 682 2540 on
704 2501 810 2542 enim
831 2501 888 2543 sic
911 2503 1257 2546 OPTIMUM
1288 2504 1476 2556 dicimus,
1498 2513 1546 2547 ut*
1574 2504 1666 2547 ΟΡ
1674 2503 1717 2546 I·

198 2571 296 2614 MU
311 2571 379 2614 Μ.
439 2572 496 2615 Et
515 2573 556 2615 in
576 2573 784 2627 HERE,
814 2591 946 2633 neque
976 2577 1015 2618 E
1037 2577 1183 2633 plane,
1209 2593 1339 2634 neque
1360 2577 1383 2620 I
1403 2578 1588 2620 auditur.
1643 2577 1715 2620 An

195 2660 332 2687 rursus
353 2645 440 2687 aliae
464 2647 698 2700 redundent,
725 2658 872 2704 praeter
901 2649 1013 2692 illam
1041 2651 1293 2707 aspirationis
1323 2661 1461 2694 notam
1484 2651 1545 2705 I··,
1566 2666 1656 2709 quae
1679 2651 1714 2695 si

194 2718 416 2762 necessaria
444 2728 518 2772 est,
549 2720 671 2762 etiam
697 2722 938 2765 contrariam
970 2723 1049 2767 sibi
1074 2725 1209 2781 poscit
1232 2723 1315 2767 -Ι.”
1374 2725 1488 2768 Nam
1519 2724 1716 2775 Quintili-

193 2806 306 2844 anus,
330 2801 374 2834 ut
399 2800 440 2834 et
463 2792 614 2850 Vlelius,
633 2795 818 2850 agnose-it
836 2797 1016 2839 medium
1038 2800 1253 2855 quemdam
1275 2815 1419 2842 sonum
1437 2799 1540 2842 inter
1555 2788 1595 2842 Ε
1613 2807 1656 2842 et
1674 2797 1713 2851 I,

191 2873 242 2907 ut
276 2866 318 2909 in
355 2864 555 2919 HERE3
591 2867 696 2910 inter
725 2869 764 2910 V
799 2878 841 2911 et
878 2868 916 2922 I,
955 2880 1001 2913 ut
1036 2870 1077 2914 in
1121 2872 1213 2915 ΟΡ
1229 2871 1492 2925 ΤΙΜΠΜ.
1568 2871 1712 2916 Velius
