1858 3224
423 152 733 193 ANNALIUM
762 152 928 192 LIBER
958 152 1208 194 DECIMUS
1238 155 1455 195 SEXTUS.
1609 161 1689 197 325

134 156 175 201 J.
193 156 241 198 G.
260 151 329 198 66.

141 272 182 318 ,i
200 263 288 318 257.
337 257 423 307 AT
461 254 647 322 postera
683 256 806 316 luce,
845 257 952 308 duae
988 257 1219 322 praetorIae
1247 259 1463 308 cohortes
1498 272 1687 312 armatae

132 334 368 401 templum
404 333 650 401 genetricis
694 333 888 384 Veneris
906 337 918 356 ¹
963 334 1189 384 insedere.
1258 337 1456 385 Aditum
1499 340 1687 391 senatus

133 412 310 479 globus
327 423 597 479 togatorum
618 412 881 472 obsederat,
903 429 1000 461 non
1023 413 1216 463 occultis
1249 414 1440 479 gladiis:
1478 415 1688 480 dispersi-

133 506 230 556 que
266 506 354 556 per
397 488 516 543 fora..
545 505 599 539 ac
637 489 846 539 basilicas
879 490 1014 539 cunei
1047 490 1296 551 militares3
1333 491 1453 542 inter
1482 511 1686 558 quorum

131 578 348 632 aspectus
384 579 432 618 et
470 567 618 618 minas
655 567 849 634 ingressi
896 569 1072 618 curiam
1116 581 1364 618 senatores.
1434 570 1495 618 Et
1539 571 1685 620 oratio

129 642 357 710 Principis
391 662 495 710 per
511 656 792 711 quaestorem
827 648 926 712 ejus
961 647 1114 696 audita
1146 650 1249 695 est.2
1314 646 1516 696 Nemine
1538 649 1686 696 nomi-

130 721 279 774 ”atim
293 723 598 788 compellato,
634 734 787 788 patres
823 725 1064 789 arguebat,
1102 729 1136 752 ‘⁶
1160 724 1292 789 quod
1323 724 1506 788 publica
1529 726 1686 775 munia

133 800 168 825 “
200 799 485 861 desererent,
518 817 779 867 eorumque
802 803 1020 867 exemplo
1055 802 1231 868 equites
1267 801 1470 856 Romani
1503 803 1561 850 ad
1584 821 1684 869 seg-

136 878 168 903 ‘⁴
175 876 381 937 nitiam
391 889 701 938 verterentur.
769 878 973 939 Etenim,
997 880 1110 945 quid
1146 880 1318 930 mirum
1354 879 1381 931 ὲ
1419 880 1685 946 longinquis

134 957 167 1002 ‘,‘
197 954 445 1021 provinciis
466 955 594 1006 haud
623 940 802 1016 veniri,³
833 957 948 1007 cum
979 958 1189 1023 plerique
1209 957 1362 1023 adepti
1389 958 1680 1011 consulatum

134 1035 168 1097 ἦ*
192 1043 250 1084 »εἰ
281 1034 553 1094 sacerdotia,
584 1034 831 1084 hortorum
865 1035 1024 1100 potius
1053 1035 1306 1090 amoenitati
1339 1036 1611 1100 inservirent
1626 1036 1680 1086 ?’'¹

133 1110 264 1178 quod
295 1111 424 1163 velut
444 1111 592 1162 telum
617 1113 854 1179 arripuere
876 1126 1179 1164 accusatores.

142 1308 146 1314 .
198 1276 298 1325 28..
314 1269 431 1320 ΕΤ
417 1268 598 1329 mitium
619 1267 816 1320 faciente
839 1271 1133 1332 Cossutiano,
1151 1273 1325 1338 majore
1345 1270 1391 1320 vi
1407 1271 1679 1331 Marcellus,

153 1349 432 1420 ‘summam
466 1338 804 1413 rempublicam
838 1351 914 1418 agi
927 1352 962 1374 ”
999 1350 1287 1402 clamitabat:
1331 1355 1364 1389 ‘-‘
1388 1348 1678 1399 contumacia

131 1426 163 1452 “
194 1422 488 1486 inferiorum,
532 1426 767 1480 lenitatem
809 1429 1110 1495 imperitantis
1154 1428 1372 1481 deminui.
1458 1427 1678 1475 Nimium

132 1505 165 1530 “
196 1502 332 1553 mites
355 1503 416 1553 ad
438 1520 542 1553 eam
563 1503 688 1554 diem
717 1518 887 1571 patres,
924 1507 1006 1574 qui
1040 1509 1295 1556 Thraseam
1328 1505 1675 1563 desciscentem,

132 1583 164 1612 “
196 1579 286 1647 qui
298 1596 531 1648 generum¹
550 1584 667 1648 ejus,
690 1584 963 1634 Helvidium
983 1585 1234 1645 Priscum,⁴
1255 1585 1303 1634 in
1324 1585 1486 1633 iisdem
1507 1581 1675 1631 furori-

131 1660 163 1691 “
194 1659 302 1726 bue,
334 1658 473 1709 simul
502 1660 760 1712 Paconium
792 1663 1127 1732 Agrippinum,
1159 1663 1336 1733 paterni
1364 1663 1413 1715 in
1438 1661 1674 1727 Principes

179 1865 196 1886 ¹
225 1854 442 1908 Genetricis
478 1863 647 1905 Veneris.
683 1865 730 1903 In
765 1876 865 1906 v111.

126 1923 243 1964 Urbis
269 1923 435 1974 regione,
464 1921 638 1970 Foroque
666 1919 762 1959 Julii
781 1921 866 1958 Cae·

122 1978 232 2018 saris.
286 1976 488 2017 Notissimi
519 1986 648 2012 versus
677 1974 863 2023 Lucretii,

125 2043 158 2072 1·
178 2036 216 2072 1·

122 2135 296 2168 laeuam
321 2122 468 2170 (metri-t,
498 2132 657 2162 nominum
692 2132 864 2170 Divssmque

221 2176 369 2210 mlum,

122 2215 217 2247 Alma
234 2216 338 2247 Venus,
349 2214 399 2247 4⁶·
456 2244 458 2246 .

173 2303 194 2325 ⁸
208 2308 520 2359 Persquaestorem
538 2309 620 2359 ejus
639 2306 769 2345 audita
788 2312 856 2345 est.

118 2361 172 2402 Id
187 2367 259 2410 est,
274 2362 449 2402 recitata.
477 2361 778 2412 Imperatoribus
796 2361 855 2399 sui

117 2423 228 2456 erant
258 2423 476 2467 quaestores,
504 2415 551 2454 de
578 2415 719 2466 quibus
748 2415 859 2465 Ulpi-

118 2482 229 2516 anus,
265 2470 413 2521 Digest.
443 2469 530 2508 Lib.
567 2481 598 2507 1.
627 2469 674 2507 T.
710 2473 770 2507 13.
810 2469 856 2506 de

117 2524 254 2564 officiis
297 2524 524 2584 Quaestoris.
595 2522 715 2561 Non
735 2536 857 2561 omnes

114 2583 320 2631 quoestores
344 2577 561 2629 provincias
587 2577 855 2622 sortiebantur,

114 2631 248 2673 veram
258 2632 401 2683 excepti
411 2637 519 2670 erant
534 2630 727 2670 candidati
742 2630 858 2669 Prin-

116 2685 232 2738 cipis.-
261 2686 302 2724 Ιιὶ
325 2685 459 2725 etenim
477 2685 566 2725 solis
583 2684 690 2723 libris
707 2684 857 2723 Princi-

110 2740 263 2793 palibns
289 2740 330 2779 in.
356 2744 489 2779 senatu
511 2739 677 2789 legendis
704 2742 855 2777 vacant.

115 2795 220 2834 Mox
237 2794 348 2842 infra
376 2807 420 2832 ea:
447 2793 518 2840 his,
542 2792 656 2832 sicuti
683 2792 854 2838 diximus,

114 2847 264 2899 quidam
288 2853 391 2895 sunt,
417 2846 481 2899 qm'
513 2846 707 2886 candidati
738 2846 853 2885 Prin-

115 2901 210 2952 cipio
240 2902 475 2947 dicebantur,
510 2900 644 2952 quique
679 2900 856 2951 epistolas

114 2968 196 3012 qus
212 2955 253 2997 in
274 2961 406 2998 senatu
425 2955 671 3008 legunt.1n
692 2955 856 3007 Inscrip-

935 1868 1103 1907 tionibus
1174 1868 1366 1906 veteribus
1426 1863 1671 1916 appellantur

937 1919 1429 1968 QVAEST.AUG.1d
1459 1928 1526 1966 est,
1554 1931 1670 1969 quoes·

934 1983 1035 2016 tores
1069 1976 1250 2029 Augusti.
1323 1975 1368 2013 Id
1405 1987 1495 2012 usus
1530 1972 1670 2023 reperit

933 2033 1155 2082 Augustus:
1185 2030 1273 2068 filiae
1309 2030 1410 2066 enim
1442 2040 1520 2066 suae
1550 2026 1669 2064 luxu-

931 2085 1041 2131 iiam,
1070 2087 1211 2132 absens,
1233 2098 1276 2123 ac
1304 2083 1426 2122 libello
1452 2095 1523 2133 per
1553 2093 1669 2131 quoes-

930 2145 1046 2177 torem
1063 2140 1237 2186 recitato,
1251 2146 1380 2175 notam
1397 2136 1545 2175 senatui
1547 2134 1667 2185 fecit,

929 2194 1180 2245 abstinuitque
1226 2204 1427 2244 congressu
1483 2189 1668 2227 hominum

930 2247 993 2286 diu
1011 2261 1091 2298 proe
1113 2249 1269 2298 pudore.
1326 2246 1484 2285 Sueton.
1503 2244 1541 2281 in
1561 2244 1665 2291 Aug.

930 2314 1033 2340 va.
1088 2302 1189 2340 Vide
1225 2309 1262 2339 et
1299 2299 1571 2351 Campianum‚
1617 2274 1665 2336 de

929 2356 1053 2395 officio
1070 2362 1107 2394 et
1125 2361 1308 2407 potestate
1333 2354 1542 2405 magistrat.
1588 2351 1665 2391 Ro-

927 2421 1028 2449 man.
1044 2424 1083 2460 p.
1103 2415 1176 2450 201
1193 2418 1229 2448 ct
1248 2413 1339 2448 202.

979 2459 995 2484 ³
1026 2465 1147 2502 Haud
1170 2465 1304 2503 veniri.
1332 2461 1440 2508 Quid
1468 2460 1610 2498 mirum
1640 2457 1662 2496 ὲ

926 2518 1140 2570 longinquis
1158 2517 1363 2576 provinciis
1380 2517 1421 2554 in
1439 2514 1662 2565 reipublicae

926 2573 1139 2610 subsidium
1169 2586 1244 2611 non
1272 2570 1520 2616 x·cn1ri‚cum
1550 2567 1663 2618 pleri-

926 2640 1002 2677 que
1032 2627 1160 2676 adqui
1194 2625 1437 2665 consulatum
1472 2629 1509 2659 et
1541 2634 1663 2659 sacci·-

927 2681 1045 2728 dotia,
1063 2680 1261 2719 hortorum
1281 2678 1409 2731 potius
1438 2675 1661 2720 amoenitati,

926 2710 1045 2785 quani
1057 2735 1280 2786 reipublicae
1294 2732 1531 2772 inservirent
1524 2733 1535 2759 ὃ
1559 2730 1593 2765 V
1599 2729 1661 2768 ide

924 2795 1004 2827 not.
1024 2796 1062 2827 <t
1081 2791 1227 2827 emend
1247 2790 1294 2826 ad
1315 2786 1456 2826 Annal.
1476 2796 1569 2822 xvi.
1583 2787 1648 2826 27.

977 2841 997 2864 ⁴
1024 2843 1245 2882 Helvidium
1280 2842 1466 2881 Priscum.
1496 2839 1558 2877 De
1590 2837 1661 2874 illo

924 2897 1024 2937 infra
1054 2898 1155 2936 Hist.
1179 2910 1238 2937 lv,
1264 2901 1330 2936 42.
1358 2894 1461 2934 Vide
1493 2899 1531 2932 et
1560 2891 1659 2930 l'lin.

928 2965 997 2991 111.
1018 2952 1090 3004 Ep.
1114 2956 1175 2990 11.
