1858 3224
276 198 353 242 194
769 189 816 234 c.
843 180 1319 231 conNsstir'rAmn
1384 199 1386 213 =
1515 193 1566 234 A.
1584 181 1698 236 uine
1707 197 1808 238 818

276 302 314 328 “
347 293 592 361 spectaculi
626 292 674 342 in
697 294 830 342 Urbe
852 291 1113 358 praebuerit.
1171 294 1265 342 Sed
1287 305 1332 343 et
1368 282 1631 346 constiffl
1662 299 1808 364 parci-

276 378 316 404 “
338 371 551 432 moniae,¹
585 371 716 437 quod
752 383 972 436 perpetua
1003 371 1133 420 sedes
1162 372 1339 419 theatro
1369 372 1514 421 locata
1547 373 1604 424 sit
1623 376 1810 439 petius,

281 456 316 487 -“
349 466 492 515 quam
514 450 738 497 immenso
760 458 915 496 sumtu
938 448 1142 513 singulos
1171 465 1253 512 per
1275 464 1419 498 annos
1440 454 1736 518 consurgeret
1757 461 1815 502 a'c‘

282 532 316 557 “
350 535 616 576 strueretur.
684 527 786 574 Nec
832 525 1021 589 perinde
1064 526 1351 590 magistratus
1394 536 1493 576 rem
1539 526 1811 578 summi-em

284 610 318 634 “
347 604 673 662 exhausturos,
709 614 787 651 aut
830 603 1004 667 populo
1043 602 1316 669 efflagitandi
1355 605 1524 652 Graeca
1551 607 1812 656 'emina

282 685 317 711 “
346 698 381 729 a
410 681 744 747 magistratibus
775 697 957 729 causam
986 679 1104 740 fore,
1140 696 1253 729 cum
1283 698 1338 728 eo
1368 692 1523 730 sumtu
1557 672 1815 747 respublica

284 763 318 788 “
353 757 586 824 fungatur.
670 759 923 806 Oratorum
962 775 1014 806 ac
1043 769 1200 806 vatum
1234 757 1441 806 victorias
1469 750 1812 832 incitamentum

245 869 247 871 -
270 840 320 891 ,⁴“
354 834 546 900 ingeniis
567 834 806 883 allaturas:
831 843 916 882 nec
940 834 1154 898 cuiquam
1170 834 1311 898 judici
1334 837 1813 899 gravesauredsstudii's

287 917 321 940 “
355 911 571 970 honestis,
620 922 665 959 et
717 910 1023 974 voluptatibus
1069 910 1292 958 concessis
1334 903 1592 974 impartire:
1646 913 1812 963 laetitiae
1857 903 1858 919 ¹

289 993 322 1017 ‘⁶
357 988 520 1054 magis,
561 986 707 1051 quam
752 987 944 1036 lasciviae
992 987 1088 1035 dari
1132 1004 1298 1050 paucas
1333 988 1471 1037 totius
1515 989 1812 1054 quinquennii

288 1070 322 1096 ‘⁶
355 1076 526 1124 noctes,
566 1058 748 1129 quibus,
779 1063 902 1111 tanta
937 1065 1039 1112 luce
1061 1064 1255 1129 ignium,
1277 1064 1389 1111 nihil
1418 1065 1640 1114 inlicitum
1661 1068 1814 1116 occul-

288 1146 322 1171 “
357 1141 441 1190 tari
462 1141 649 1206 queat.'’
718 1139 837 1189 Sane
861 1140 990 1188 nullo
1012 1140 1175 1205 insigni
1198 1140 1601 1191 dehonestamento
1621 1141 1669 1190 id
1688 1158 1817 1207 spec,-

289 1220 492 1267 taculum
518 1217 704 1266 transiit.
772 1220 846 1265 Ac
868 1233 927 1265 ne
950 1217 1135 1265 modica·
1152 1216 1348 1285 ‘quidem
1368 1218 1517 1265 studia
1533 1222 1549 1241 ²
1569 1219 1714 1282 plebis
1736 1237 1815 1269 ex-

288 1313 457 1356 arsere,
491 1295 596 1361 quia
635 1294 799 1357 redditi
843 1310 1122 1359 quamquam
1160 1310 1309 1342 scenae
1352 1294 1654 1361 pantomimi,
1674 1307 1815 1345 certa-

287 1373 486 1423 minibus
520 1372 684 1422 sacris³
719 1372 1093 1436 prohibebantur.
1160 1371 1446 1435 Eloquentia:
1475 1363 1646 1435 primas
1663 1363 1814 1422 ‘nemo

289 1451 409 1509 tulit,
462 1450 545 1499 sed
589 1455 623 1478 ‘⁶
657 1449 879 1498 victorem
936 1466 1032 1498 esse
1090 1450 1322 1499 Caesarem
1338 1450 1370 1470 ’'
1386 1451 1406 1477 4
1455 1449 1813 1512 pronuntiatum.

290 1526 450 1577 Graeci
471 1527 696 1587 amictus‚⁵
718 1544 835 1593 quos
857 1544 940 1592 per
961 1544 1039 1576 eos
1062 1526 1158 1615 dies
1180 1525 1419 1592 plerique
1406 1537 1699 1600 incesserant,
1712 1537 1814 1577 tum

289 1605 598 1654 exoleverant.

292 1777 343 1816 A.
371 1776 419 1813 U.
445 1777 492 1813 C.
528 1773 620 1814 608.
652 1776 929 1827 triumphavit;
976 1782 1019 1816 ut

1092 1778 1406 1814 31111.25.nunc
1419 1773 1577 1825 quidem
1598 1786 1718 1813 scenae
1735 1775 1819 1814 red·

287 1829 370 1880 jam
389 1829 536 1867 dictum
554 1842 670 1880 supra
683 1830 822 1868 Annal.
842 1843 899 1868 xv.
918 1835 983 1869 43.

1090 1830 1173 1877 diti,
1190 1821 1292 1867 hisce
1307 1834 1432 1866 tamen
1447 1827 1592 1867 Graecis
1605 1829 1819 1867 certamini·

1092 1885 1175 1929 bus,
1210 1895 1296 1934 quae
1331 1894 1439 1919 sacra
1471 1888 1591 1927 erant,
1635 1879 1816 1933 prohibiti

1091 1943 1192 1975 sunt.
1253 1936 1362 1974 Ideo
1375 1935 1527 1972 nullum
1564 1934 1643 1983 fuit?
1673 1936 1817 1987 insigne

1092 1991 1476 2035 dehonestamentum,
1527 1992 1566 2025 et
1623 1990 1818 2029 moderata

1092 2044 1212 2094 plebis
1232 2043 1370 2082 studia.

349 1933 360 1950 ¹
383 1934 597 1973 consultum
610 1936 859 1987 parcimoniae.
889 1937 1015 1981 Quum

295 1988 468 2035 immensi
499 1988 591 2026 olim
623 1990 778 2028 fuissent
805 1997 950 2028 sumtus
980 1991 1018 2028 in

294 2042 531 2080 exstruendis
585 2044 819 2094 temporariis
866 2043 1019 2082 theatris

294 2095 469 2133 aestimari
490 2101 612 2146 potest
627 2109 675 2133 ex
692 2096 855 2134 versatili
875 2097 1020 2136 theatro

294 2149 487 2196 Curionis,
503 2150 550 2187 de
565 2163 642 2202 quo
655 2150 734 2200 agit
749 2150 846 2188 Plin.
863 2163 1020 2190 xxxvt.

300 2205 362 2241 15.
389 2206 428 2241 n'.
461 2207 497 2241 8.
525 2216 570 2242 ac
606 2203 773 2241 maxime
805 2218 853 2241 ex
886 2205 1021 2242 Scauri

297 2256 458 2303 theatro,
492 2258 603 2307 cujus
645 2258 832 2307 stupenda
868 2258 1023 2305 ibidem,

296 2321 335 2347 n.
355 2313 393 2354 7.
426 2311 619 2349 memoria.
674 2312 831 2360 Nosque
855 2312 1022 2350 diximus

298 2363 337 2400 in
364 2369 442 2402 not.
470 2369 508 2401 et
535 2364 681 2402 emend.
710 2364 758 2401 ad
786 2365 926 2403 Annal.
955 2378 1023 2403 111.

279 2419 362 2455 ⁴52.
410 2417 476 2454 ubi
521 2417 635 2468 plura
677 2417 724 2455 de
765 2418 1024 2461 Romanorum

296 2470 410 2508 luxu.

279 2527 283 2533 '
350 2521 368 2539 ²
397 2524 460 2561 Ne
477 2524 618 2562 modica
635 2525 776 2576 quidem
793 2525 929 2564 studia.
960 2526 1020 2563 Ne

296 2576 498 2615 minimum
518 2578 672 2627 quidem
699 2579 804 2629 plebs
831 2586 1022 2616 commota

297 2638 371 2676 θεῖς
390 2637 433 2668 ut
447 2630 549 2668 recte
566 2632 737 2682 explicat
756 2632 896 2670 illustr.
918 2633 1022 2669 llue—

296 2684 388 2722 tius.
444 2685 528 2722 Nec
553 2684 764 2723 audiendus
792 2685 1022 2733 Gronovius,

298 2738 366 2788 qui
410 2738 598 2785 emendat,
645 2739 858 2776 Immodica.
915 2738 944 2775 F
949 2739 1023 2776 uri

299 2792 430 2829 bunda
456 2790 690 2830 theatrorum
707 2792 835 2830 studia
860 2791 1022 2830 vidimus

567 2875 573 2882 .
616 2875 623 2882 .
694 2874 703 2883 .
795 2859 805 2867 “
851 2848 889 2883 Ι.’
925 2848 961 2882 5.
1001 2848 1003 2850 ’

297 2845 689 2937 ςμὲωΰὲτῖιίὲῗνέἑηέὺῖζ
710 2853 845 2937 εραῑενῖξζῗ
886 2849 1046 2936 {mm-

299 2951 405 2991 mimi
436 2952 530 2991 olim
569 2951 684 2991 Italia
723 2952 839 3004 pulsi,
882 2952 1024 2992 Annal.

1142 2096 1162 2119 4
1188 2097 1378 2136 Victorem
1402 2107 1478 2134 esse
1503 2093 1694 2134 Coesarem.
1734 2094 1818 2136 Nee

1091 2151 1316 2202 eloquentiae
1339 2149 1488 2187 tantum
1505 2145 1626 2186 victor
1653 2162 1819 2200 pronun·

1094 2204 1208 2242 tiatus
1236 2209 1303 2250 est,
1333 2203 1397 2240 sed
1431 2202 1726 2242 citharoedorum
1754 2217 1818 2243 co

1094 2271 1193 2296 ronae
1210 2271 1258 2295 ex
1275 2256 1449 2294 omnibus
1478 2256 1746 2295 conaminibus
1769 2258 1817 2299 ad

1094 2325 1181 2349 eum
1210 2311 1357 2354 delatae,
1385 2314 1474 2347 teste
1503 2308 1639 2356 Dione,
1670 2321 1761 2349 ωτι.
1779 2324 1818 2361 p.

1097 2363 1188 2410 699.
1227 2365 1329 2402 Tum
1348 2362 1442 2400 sorte
1460 2375 1573 2400 cusus
1589 2338 1682 2405 olim
1699 2364 1819 2403 musei

1097 2418 1218 2468 colleg
1220 2418 1246 2455 ii
1275 2408 1460 2454 Ludovici
1486 2415 1626 2466 Magni
1640 2430 1819 2468 nummus

1095 2470 1266 2522 superius
1302 2469 1465 2507 laudatis
1491 2481 1644 2519 prorsus
1673 2471 1820 2519 similis,

1094 2527 1158 2564 sed
1173 2524 1298 2575 capite
1319 2522 1504 2573 Principis
1521 2521 1704 2563 laureato.

1147 2576 1162 2600 5
1184 2576 1310 2617 Groeci
1322 2575 1488 2614 amictus.
1507 2575 1634 2615 Graeci
1645 2578 1821 2624 amictus,

1044 2633 1237 2693 quibus
1251 2642 1318 2681 per
1333 2641 1395 2666 eos
1413 2628 1491 2666 dies
1507 2628 1679 2682 plerique
1695 2630 1820 2670 induti

1097 2686 1333 2729 incesserant,
1349 2688 1433 2722 tum
1449 2682 1702 2730 exoleverunt.
1720 2680 1822 2723 Vide

1097 2747 1174 2777 not.
1194 2746 1232 2777 et
1247 2736 1394 2776 emend.
1420 2735 1468 2772 ad
1491 2736 1824 2781 Annal.x1v.21.

1102 2793 1262 2831 Plurimi
1287 2795 1419 2828 extant
1436 2790 1595 2837 nummi,
1613 2789 1681 2842 qui
1701 2793 1822 2831 Nero·-

1098 2859 1195 2891 nem,
1230 2842 1432 2896 chlamyde
1465 2819 1604 2887 Graecz’t
1633 2844 1821 2892 vestitum,

1097 2900 1289 2966 exhiberi&
1340 2950 1343 2953 .
1731 2940 1733 2942 .
1797 2947 1812 2980 ¹.
