1832 3230
223 174 301 210 520
621 165 786 205 NOTAE
815 165 882 203 ET
911 162 1352 206 EMENDATIONES

227 276 463 322 temporum
504 267 687 309 moribus
718 267 892 322 indigna,
930 266 1029 308 licet
1061 266 1266 322 scriptoris
1299 268 1397 311 vitio
1437 270 1592 313 enervis
1629 268 1685 313 sie
1717 278 1761 313 et

229 341 409 398 elumba.
470 340 577 387 Quae
597 340 691 383 vero
721 342 776 383 ait
809 340 1021 382 Boudicea
1041 341 1092 382 de
1111 340 1296 394 mortuis,
1328 342 1456 399 quiin
1477 343 1762 388 Romanorum

231 424 410 472 quaestus
449 423 726 468 evocarentur,
765 414 949 468 intelligo
986 416 1037 456 de
1071 415 1258 470 pecunia,
1288 432 1379 473 quae
1414 433 1490 472 pro
1519 417 1698 461 mortuis*
1720 417 1762 460 in

234 489 430 532 Libitinae
461 503 628 530 censum
658 488 914 542 solvebatur3
945 488 1052 530 forte
1079 488 1204 530 etiam
1233 491 1283 531 de
1317 491 1491 542 tributis,
1518 505 1611 548 quae
1638 506 1763 544 auno,

233 578 319 620 quo
335 562 428 618 ‘quis
448 571 534 603 erat
551 570 747 614 mortuus,
778 577 825 604 ac
852 562 957 604 forte
978 561 1114 614 etiam,
1145 564 1255 619 quod
1281 563 1577 617 inclementius,
1596 578 1686 621 quae
1712 565 1764 607 ad

233 635 470 693 proximum
489 634 660 677 alterum
680 651 846 677 censum
868 644 1177 691 procuratorum
1197 637 1364 679 avaritia
1378 653 1425 679 ac
1444 636 1612 680 libidine
1629 638 1766 694 exige-

232 712 394 754 bantur.
453 707 603 751 Annua
622 719 758 751 autem
775 725 997 765 corporum
1017 709 1170 751 tributa
1186 719 1278 752 sunt
1299 726 1444 753 census
1464 708 1620 767 capitis.

292 784 496 827 Andraste
521 782 632 834 vero,
664 799 735 825 seu
763 783 857 825 Dea
882 783 1081 834 Victoria,
1113 799 1235 839 quarn
1268 784 1479 827 Boudicca
1508 785 1686 838 invocat,
1705 793 1768 828 est

236 857 346 900 forte
365 857 455 913 ipsa
474 858 652 908 Astarte,
682 857 798 913 cujus
828 857 985 899 cultum
1005 856 1067 898 vel
1101 856 1330 910 Phoenices,
1363 858 1431 899 vel
1460 858 1559 914 ipsae
1586 857 1767 915 legiones
1805 858 1813 863 ⁸

236 933 437 975 Romanae
476 931 723 972 invexerant.
785 931 853 973 De
888 931 1074 973 Astartes
1113 930 1227 973 cultu
1257 931 1298 973 in
1332 931 1544 974 Britannia
1573 932 1664 977 vide
1697 931 1767 975 Cl.

238 1005 446 1060 Stukeley,
488 1004 572 1047 The
604 1002 794 1047 medallic
831 1004 987 1062 history
1021 1003 1074 1062 of
1107 1004 1174 1046 Μ.
1197 1005 1344 1048 Aurel.
1370 1004 1410 1047 V
1407 1005 1506 1048 aler.
1528 1003 1767 1060 carausius,

238 1081 443 1136 Emperor
468 1079 517 1122 in
553 1077 739 1131 Britain,
772 1078 926 1121 vok-1.
966 1095 1008 1134 p.
1027 1085 1126 1122 248.
1188 1079 1408 1136 Egregiam
1446 1079 1767 1140 inscriptionem,

237 1155 392 1211 insigne
407 1152 541 1196 cultfis
562 1161 885 1205 monumentum,
906 1152 1093 1209 protulit.
1124 1152 1220 1196 Vol.
1245 1168 1298 1196 11.
1318 1169 1362 1210 p.
1387 1154 1480 1198 160.

848 1286 1169 1336 ΑΟΤΑΡΤΗΟ

866 1381 1151 1418 ΒΩΜΟΝΜ.

864 1466 1148 1507 ECOPACT

831 1562 1196 1605 TOYAXEPM

824 1652 1186 1696 ANEOHKEN.

242 1782 293 1826 Id
313 1790 388 1836 est,
408 1779 582 1824 Marcus
603 1782 918 1839 Esorast,filius
934 1782 1127 1835 Acherm,
1148 1781 1640 1840 Astartesaramposuit-
1711 1830 1715 1834 ,

300 1856 513 1899 Domitius
535 1856 668 1907 Nero,
693 1872 767 1912 per
791 1856 976 1907 ironiam,
1004 1865 1045 1898 et
1064 1858 1118 1898 ob
1139 1855 1353 1898 muliebria
1371 1872 1446 1898 sua
1463 1856 1596 1906 studia
1615 1855 1641 1899 al
1660 1855 1776 1903 Bou-

240 1931 359 1974 dieea
381 1929 611 1986 appellatur
632 1928 825 1982 Neronis,
846 1929 1054 1972 Domitia.

299 2005 405 2052 Quae
426 2003 522 2045 vero
542 2005 592 2045 de
613 2003 658 2046 N
661 2003 778 2046 itocri
793 2012 837 2045 et
859 2003 1125 2049 Semiramide
1147 1995 1440 2070 memorantur)
1460 2019 1509 2046 ea
1528 2005 1775 2063 comprobat

241 2078 412 2121 Tacitus
432 2077 473 2119 in
491 2077 592 2121 Vita
611 2077 754 2133 Agric.
778 2092 887 2119 xx1.
904 2082 945 2118 ,“
962 2078 1205 2133 Principum
1223 2075 1329 2118 filios
1358 2075 1596 2123 liberalibus
1621 2077 1783 2121 artibus-

243 2152 416 2204 erudire,
445 2159 487 2193 et
525 2151 685 2207 ingenia
717 2151 1010 2194 Britannorum
1041 2150 1181 2194 studiis
1213 2149 1431 2198 Gallorum
1463 2152 1711 2205 anteferrem
1727 2174 1739 2187 ο
1755 2174 1768 2190 ο

243 2228 354 2284 apud
384 2225 596 2282 imperitos
630 2225 858 2268 humanitas
887 2227 1123 2277 vocabatur,
1155 2224 1250 2266 curn
1282 2240 1375 2285 pars
1404 2213 1776 2283 servitutis-esset?

242 2302 368 2346 Anno
394 2306 517 2346 1700.
538 2299 579 2341 in
601 2299 831 2349 Staffordiae
852 2300 1064 2351 comitatu,
1085 2314 1230 2341 aureus
1250 2291 1415 2355 torques
1435 2307 1632 2356 repertus,
1652 2315 1776 2357 quem

246 2374 469 2417 Boudiceae
490 2373 612 2416 fuisse
633 2374 822 2429 opinatur
849 2373 916 2415 Cl.
936 2372 1082 2429 Leigh,
1108 2372 1192 2415 The
1211 2372 1384 2423 natural
1400 2362 1556 2435 history
1582 2372 1637 2433 qf
1659 2372 1777 2422 Lan-

245 2448 413 2492 cashire.
447 2448 542 2490 Lib.
565 2462 641 2489 111.
670 2464 713 2503 p.
735 2448 804 2490 64.
1715 2501 1717 2503 K

306 2521 546 2565 Consectum
576 2520 824 2564 verberibus.
884 2519 950 2563 Ita
981 2520 1120 2564 MSS.
1153 2520 1182 2563 J
1186 2536 1243 2563 es.
1274 2518 1413 2565 Corb.
1436 2527 1478 2562 et
1508 2519 1776 2564 Puteolanus.

245 2597 299 2642 In
330 2596 467 2638 MSS.
503 2594 614 2637 Flor.
651 2595 757 2650 Reg.
789 2594 936 2637 Guelf.
968 2594 1145 2636 editione
1175 2593 1358 2651 principe
1393 2602 1434 2637 et
1471 2582 1776 2649 recentioribus,

246 2670 487 2728 confectum,
510 2669 622 2728 quod
640 2668 747 2710 haud
768 2668 883 2725 aeque
905 2667 1080 2723 elegans.
1111 2667 1262 2710 Horat.
1284 2667 1424 2723 Epod.
1447 2681 1513 2711 1v.
1537 2674 1603 2712 11.

637 2797 665 2820 “
691 2793 823 2833 Sectus
840 2790 999 2843 flagellis
1018 2791 1079 2830 hic
1098 2791 1393 2832 triumviralibus

761 2867 953 2914 Praeconis
969 2867 1020 2914 ad
1036 2866 1265 2914 fastidium?
