1858 3224
223 194 317 245 <232
719 189 766 227 c.
794 183 1059 227 conmzm
1087 186 1268 227 TAcrri
1471 192 1523 229 A.
1541 190 1594 231 u.
1609 190 1656 244 c.
1674 169 1767 233 sis.

238 307 282 344 et
316 292 574 359 periculum
613 290 991 350 commodavisse,
1029 293 1107 338 aut
1141 291 1374 351 Pisonem,
1408 304 1574 342 notum
1608 311 1766 346 amore

237 372 412 430 uxoris,
447 370 519 418 alii
563 368 853 417 matrimonio
871 371 881 390 ¹
936 386 985 416 se
1029 368 1353 417 obstrinxisse:
1389 370 1473 420 nisi
1515 371 1554 420 si
1583 372 1766 438 *cupido

235 448 501 497 dominandi
523 446 698 496 cunctis
718 446 954 496 affectibus
976 446 1238 511 flagrantior
1260 450 1362 496 est.²

305 611 384 651 54.
437 605 539 652 SED
585 602 755 650 mirum
799 601 942 667 quam
981 602 1100 651 inter
1143 601 1306 652 diversi
1345 603 1542 669 generis,
1579 602 1776 663 orditus,
1843 603 1858 613 ‘

240 681 399 739 aetatis,
433 680 592 739 sexus,
626 681 757 738 dites,
792 696 1032 744 pauperes,
1066 680 1368 729 taciturnitate
1398 681 1551 729 omnia
1570 679 1770 730 cohibita

240 758 357 816 sint3
396 759 542 805 donec
566 757 762 820 proditio
793 756 932 820 coepit
964 756 992 804 a
1013 758 1154 805 domo
1186 757 1392 805 Scevini:
1429 757 1508 822 qui
1529 757 1676 822 pridie
1703 757 1770 806 in-

239 835 474 892 sidiarum,
508 834 654 881 multo
673 850 883 880 sermone
906 850 1014 881 cum
1037 833 1243 881 Antonio
1265 834 1446 893 Natale‚
1469 834 1575 893 dein
1596 847 1772 900 regres-

239 928 317 959 sus
356 911 566 969 domum,
615 921 937 958 testamentum
980 910 1266 974 obsignavit:
1325 922 1561 975 promtum
1603 904 1771 976 vagina

241 988 509 1052 pugionem,
560 988 617 1035 de
659 1004 753 1051 quo
798 1004 937 1050 supra
979 988 1132 1045 retuli,
1180 993 1214 1016 ‘⁶
1249 998 1470 1036 vetustate
1516 988 1771 1037 obtusius?

239 1065 497 1128 increpans,
545 1070 578 1092 “
614 1065 809 1127 asperari
853 1081 983 1124 saxo,
1027 1075 1072 1113 et
1109 1065 1157 1112 in
1190 1081 1461 1113 mucronem
1498 1063 1772 1119 ‘ardescere'’

236 1141 383 1208 jussit.
451 1142 661 1205 Eamque
683 1157 842 1188 curam
872 1141 1035 1189 liberto
1062 1142 1284 1189 Milich0³
1312 1141 1557 1190 mandavit.
1623 1140 1772 1191 Simul

241 1218 519 1266 adfluentius
558 1218 690 1265 solito
729 1218 989 1266 convivium
1033 1218 1226 1267 initum:
1279 1235 1518 1266 servorum
1557 1217 1772 1272 carissimi

241 1295 462 1353 libertate,
486 1306 530 1342 et
552 1294 624 1342 alii
646 1294 839 1358 pecunia
861 1295 1044 1357 donati:
1080 1306 1216 1359 atque
1232 1295 1327 1359 ipse
1349 1305 1559 1354 moestus,
1580 1305 1628 1343 et
1648 1308 1775 1362 mag-

242 1388 316 1419 nae
355 1371 637 1436 cogitationis
676 1370 940 1420 manifestus
954 1375 973 1400 ⁴
1011 1384 1123 1430 erat,
1172 1372 1378 1436 quamvis
1417 1371 1618 1421 laetitiam
1639 1370 1776 1438 'vagis

243 1449 532 1497 sermonibus
566 1449 812 1497 simularet.
879 1450 1121 1498 Postremo
1160 1455 1193 1477 “
1222 1438 1486 1498 vulneribus
1515 1449 1776 1515 figmenta,
1810 1488 1813 1491 .

267 1531 301 1553 “
316 1526 574 1591 quibusque
607 1527 777 1574 sistitur
811 1527 1011 1592 sanguis,
1047 1528 1240 1591 parare”
1279 1527 1496 1576 eumdem
1528 1524 1776 1576 Milichum

245 1614 431 1662 monet3
459 1604 552 1651 sive
569 1620 765 1668 gnarum
784 1604 1123 1669 conjurationis,
1147 1616 1191 1651 et
1207 1603 1316 1651 illuc
1339 1620 1486 1667 usque
1507 1603 1672 1662 fidum,
1695 1619 1777 1652 seu

243 1680 467 1739 nescium,
491 1693 535 1728 et
557 1694 667 1728 tunc
690 1682 897 1745 primum
919 1682 1108 1747 arreptis
1129 1680 1477 1745 suspicionibus,
1500 1691 1552 1728 ut
1566 1680 1776 1745 plerique

243 1757 486 1816 tradidere,
525 1758 584 1805 de
617 1759 1032 1822 consequentibus.⁵
1099 1759 1225 1807 Nam
1261 1758 1375 1806 esim
1409 1773 1568 1806 secum
1603 1756 1778 1823 servilis

244 1834 421 1883 animus
444 1834 632 1898 praemia
653 1832 856 1903 perfidiae
879 1836 1120 1905 reputavit,
1145 1835 1374 1900 simulque
1402 1834 1624 1884 immensa
1640 1834 1776 1899 pecu-

305 2055 319 2074 ¹
339 2056 423 2095 Alii
437 2057 681 2099 matrimonio.
704 2059 880 2099 Antoniae
902 2073 981 2099 nra-

249 2109 440 2155 trimonio,
458 2112 612 2149 dimissa
632 2097 754 2162 priore
776 2126 907 2150 uxore.

307 2161 322 2177 ²
351 2163 597 2215 flagrantior
625 2172 693 2204 est.
725 2167 835 2204 Unde
869 2168 982 2218 Poly-

251 2216 367 2263 nices,
396 2231 522 2256 amore
540 2221 639 2270 regni
661 2219 787 2258 furens
812 2220 926 2258 simul
944 2228 982 2259 et

252 2270 406 2361 inipifiig,
434 2275 535 2324 apud
572 2276 769 2321 senecam,
804 2274 982 2323 Thebais,

254 2335 314 2361 lv.
387 2329 424 2362 2.

1048 2059 1211 2098 lectione
1239 2059 1456 2109 fatigatum,
1482 2056 1692 2108 patululum
1722 2068 1781 2094 re·

1049 2121 1150 2151 creet
1169 2113 1350 2153 memoria
1364 2110 1498 2163 optimi
1511 2109 1713 2160 Principis,
1730 2109 1780 2147 ad

1050 2180 1201 2218 magnas
1234 2180 1317 2218 spes
1347 2165 1442 2213 nati,
1485 2176 1575 2202 cum
1609 2162 1780 2201 maximo

1050 2221 1232 2259 desiderio
1249 2220 1388 2258 amissi.

1103 2272 1123 2296 ⁴
1133 2275 1288 2325 ,Magnae
1300 2271 1540 2324 cogitationis
1549 2270 1780 2325 manifestus.

1052 2328 1152 2365 Vere
1172 2328 1326 2374 Seneca,
1346 2325 1522 2364 Declamt
1544 2335 1594 2362 11.
1612 2327 1649 2361 5.
1688 2323 1780 2361 Non

1052 2381 1137 2420 bem?
1156 2381 1252 2431 tegit
1269 2380 1394 2418 vultus
1410 2391 1544 2430 magna
1562 2376 1729 2416 consilia.

1104 2433 1117 2455 ⁵
1138 2435 1200 2473 De
1219 2433 1529 2484 consequentibus.
1561 2431 1675 2469 Tunc
1702 2429 1782 2481 pri-

1053 2501 1158 2525 mum
1204 2487 1360 2538 arreptis
1403 2484 1683 2538 suspicionibus
1736 2483 1784 2520 de

1052 2541 1209 2580 istorum
1222 2540 1486 2578 mandatorum
1497 2537 1785 2588 consequentiis,

1054 2603 1098 2633 ut
1121 2594 1292 2646 plerique
1320 2593 1519 2631 tradidere.
1576 2592 1784 2630 Existimat

487 2390 550 2416 Pro
563 2398 651 2423 rrgno
663 2393 751 2417 velim

254 2427 408 2458 Patriam,
416 2433 547 2461 penates,
559 2432 716 2463 cmiiugcm
723 2432 857 2464 flammis
871 2431 955 2458 dare.

255 2467 390 2501 Imperia
399 2469 500 2501 pretio
513 2470 643 2501 quolibet
654 2473 791 2496 comtum
804 2469 883 2497 ben&-

309 2534 324 2556 ³
355 2530 508 2577 Liberto
540 2540 711 2579 Milicho.
749 2542 910 2592 Egregia
944 2541 981 2579 in

257 2592 376 2630 hortis
419 2593 624 2631 Versalicis
673 2601 780 2632 extat
830 2596 984 2633 Milichi

256 2652 394 2691 statua,
422 2647 534 2696 cujus
556 2654 681 2685 tamen
708 2649 861 2694 vitium,
890 2649 981 2687 cum

258 2699 396 2737 Milich
405 2713 446 2738 us
462 2701 501 2737 in
520 2700 565 2737 cii.
582 2701 697 2751 paulo
718 2702 903 2740 curiosior
929 2703 985 2740 vi-

257 2751 403 2800 deatur,
430 2763 573 2804 quanto
603 2767 693 2792 cum
720 2756 896 2792 acumine
928 2769 983 2793 re-

257 2807 392 2854 pererit
427 2821 522 2856 puer
554 2808 868 2858 Burgundionum
903 2809 981 2845 dux

255 2859 397 2897 Latina
410 2861 643 2910 Gallicizquc
654 2862 870 2912 eloquentia
888 2862 986 2899 cele-

259 2913 408 2951 bratum
440 2921 507 2954 est.
570 2916 686 2959 Quod
721 2929 875 2965 quoque
910 2928 982 2954 non

256 2966 438 3015 siluerim,
458 2976 499 3006 ut
517 2968 699 3015 animum,
724 2976 781 3008 tot
797 2969 981 3008 scelerum

1053 2649 1209 2699 quidem
1239 2649 1301 2686 Cl.
1327 2648 1507 2685 Ernestus
1533 2646 1616 2684 haec
1642 2643 1784 2683 invelli-

1055 2703 1175 2752 genda
1191 2714 1266 2739 esse
1298 2701 1344 2738 de
1375 2700 1637 2751 scriptoribuS,
1659 2698 1697 2736 id
1714 2703 1797 2742 est„

1059 2763 1103 2794 ut
1129 2755 1302 2806 plerique
1322 2755 1368 2792 de
1385 2753 1634 2804 scriptoribus
1658 2761 1786 2789 conse-

1058 2809 1262 2858 quentibus
1297 2807 1483 2845 tradidere
1502 2821 1511 2845 ι
1555 2805 1618 2844 sed
1659 2803 1785 2842 minus

1059 2855 1199 2912 places.
1256 2859 1414 2911 Optime
1430 2860 1539 2898 vertit
1558 2856 1786 2896 Davanzati.

1059 2915 1078 2951 ὸ
1098 2929 1194 2953 come
1211 2914 1335 2952 alcuni
1349 2914 1519 2953 scri-oona
1534 2912 1582 2951 da
1597 2910 1709 2962 quelli
1724 2922 1789 2947 an·

1032 3015 1035 3019 Δ
1060 2968 1222 3008 (iumenti
1240 2981 1285 3006 ne
1301 2966 1454 3019 suspici).
