1858 3224
230 198 312 234 2⁸⁴
719 189 768 229 C.
795 187 1063 238 connum
1089 187 1275 229 'merri
1469 197 1519 234 A.
1539 196 1588 236 U.
1606 171 1770 240 ἔκαιε.

227 302 263 326 “
286 293 545 345 Antonium
566 292 781 341 Natalem
802 293 948 340 multa
969 308 1079 340 cum
1101 291 1314 354 Scevino,
1339 309 1392 343 ac
1420 310 1595 349 secreta
1620 301 1763 352 mlle.

225 379 262 402 “
285 384 463 431 cuturn,
497 382 543 419 et
564 387 662 419 esse
682 381 904 434 utrosque
922 371 983 419 C.
1007 370 1183 420 Pisonis
1203 370 1439 422 infimos?
1517 378 1521 383 ’
1583 396 1587 403 «
1614 404 1618 411 ·

293 534 374 575 56.
410 527 559 574 ERGO
603 522 777 572 accitur
829 522 1005 571 Natalis
1024 539 1039 570 t
1096 535 1143 573 et
1191 524 1356 574 diversi
1403 526 1763 598 interrogantur,

228 611 265 634 “
287 605 505 669 quisnamv
540 602 578 650 is
623 618 793 659 sermo,
844 600 938 664 qua
983 601 1042 648 de
1082 618 1133 649 re
1177 601 1335 663 fuisset
1349 603 1402 653 ?'’
1454 606 1570 655 cfim
1601 621 1766 659 morta

227 681 442 746 suspiciO,
498 681 603 745 quia
641 696 737 727 non
782 677 1083 743 congruentia
1121 681 1479 744 responderant:
1525 684 1763 751 inditaque

226 759 390 807 vincla.
458 759 519 807 Et
557 767 894 804 tormentorum
927 767 1162 820 aspectum
1200 774 1253 806 ac
1292 759 1437 808 minas
1469 777 1565 810 non
1597 763 1762 814 tulere.

226 836 361 885 Prior
382 846 534 883 tamen
550 834 742 893 Natalis,
759 833 897 881 totius
914 833 1238 898 conjurationis
1260 835 1404 902 magis
1420 854 1608 903 gnarus,
1625 839 1761 890 §mul

226 915 449 980 arguendi
471 912 674 978 peritior,
708 913 766 959 de
787 911 952 959 Pisone
974 911 1182 975 primum
1205 910 1386 961 fatetur.
1454 915 1641 966 Deinde
1654 918 1762 984 adji-

228 993 289 1040 cit
311 995 548 1039 Annaeum
572 992 810 1048 Senecam,
834 989 929 1036 sive
951 988 1256 1039 internuntius
1271 989 1391 1046 inter
1406 1007 1515 1040 eum
1530 992 1763 1044 Pisonem.

227 1086 322 1134 que
361 1068 463 1127 fuit,
511 1068 603 1116 sive
642 1079 694 1114 ut
726 1065 926 1115 Neronis
961 1065 1154 1136 gratiam
1196 1079 1392 1131 pararet,
1441 1069 1522 1134 qui
1559 1069 1765 1120 ‘zife-usus

226 1148 434 1205 Senecae,
468 1161 629 1193 omnes
661 1144 720 1192 ad
759 1161 868 1192 eum
905 1144 1262 1208 opprimendum
1291 1156 1411 1194 artes
1447 1145 1761 1212 conquirebau

227 1226 372 1283 Tum,
404 1222 590 1288 cognito
607 1222 782 1271 Natalis
795 1220 980 1280 indicio,
1004 1222 1224 1271 Scevinus
1241 1239 1429 1288 quoque
1445 1223 1543 1288 pari
1559 1224 1763 1274 imbecil-

227 1301 367 1359 litate,
401 1317 461 1348 an
484 1311 648 1349 cuncta
674 1302 770 1365 jam
800 1298 1024 1363 patefacta
1056 1300 1267 1359 credens,
1300 1316 1387 1348 nec
1417 1301 1567 1361 ullum
1596 1301 1762 1352 silentii

227 1378 612 1436 emolumentum,
645 1377 784 1425 edidit
801 1387 1005 1425 ceteros:
1042 1377 1293 1441 exquibus
1313 1378 1547 1438 Lucanus,
1581 1379 1764 1443 Qifflni·

226 1471 450 1519 anusque,
483 1466 529 1502 et
552 1455 742 1503 Senecio
767 1454 845 1502 diu
867 1453 1085 1503 abnuere.
1153 1454 1284 1515 Post,
1316 1451 1541 1520 promissa
1567 1451 1766 1522 impuni-

227 1544 318 1580 tate
341 1531 562 1596 corrupti,
596 1531 693 1596 quo
716 1530 973 1579 tarditatem
1003 1542 1292 1591 excusarent,
1326 1533 1542 1592 Lucanus
1562 1533 1763 1584 Aciliam

228 1619 424 1657 matrem
440 1604 874 1672 suam,Quintianus
889 1607 1095 1656 Glicium
1115 1609 1327 1668 Gallum,
1345 1609 1538 1659 Senecio
1553 1606 1763 1661 Annium

227 1686 504 1746 Pollionem,
535 1685 791 1734 amicorum
811 1684 1087 1750 praecipu08,
1119 1685 1430 1765 nonnnavere.
1628 1701 1632 1706 ⁴

216 1832 231 1863 x
294 1865 376 1912 57.
413 1864 602 1918 ATQUE
643 1859 824 1909 interim
856 1861 1006 1920 Nero,
1055 1862 1322 1910 recordatus
1360 1859 1538 1910 Volusii
1580 1855 1767 1913 Proculi

227 1937 396 1987 indicio
419 1937 666 2001 Epicharin
683 1940 694 1959 ¹
726 1937 922 1996 attineri,
944 1948 1161 2002 ratusque
1184 1937 1408 1987 muliebre
1430 1954 1598 2003 corpus
1618 1938 1768 2004 impar

229 2014 397 2074 dolori,
431 2020 466 2043 “
487 2014 724 2063 tormentis
758 2013 1026 2063 dilacerari''
1053 2014 1197 2081 jubet.
1265 2018 1334 2063 At
1370 2015 1497 2064 illam
1531 2030 1628 2064 non
1665 2031 1766 2064 ver-

229 2093 359 2151 bera,
392 2107 487 2139 non
526 2092 672 2157 ignes,
718 2108 814 2140 non
853 2092 919 2140 ir'a
963 2092 1023 2141 eb
1067 2092 1222 2141 acrius
1257 2081 1590 2157 torquentium,
1632 2104 1694 2141 ne
1738 2090 1768 2140 a

230 2168 424 2217 foemina
465 2181 805 2234 spernerentur,
839 2168 1090 2234 pervicere,
1135 2169 1247 2234 quin
1282 2170 1460 2234 objecta
1502 2169 1763 2236 denegaret.

231 2246 307 2294 Sic
343 2247 518 2310 primus
557 2246 817 2311 quaestionis
855 2246 951 2294 dies
987 2257 1260 2294 contemtus.
1328 2246 1518 2294 Postero
1557 2245 1671 2307 cnm
1705 2239 1767 2295 ad

231 2324 419 2372 eosdem
443 2324 668 2372 cruciatus
690 2324 999 2371 retraheretur
1031 2323 1284 2389 gestamine
1313 2322 1438 2371 sellae
1472 2324 1604 2387 (nam
1625 2321 1766 2370 disso-

230 2401 336 2449 lutis
353 2400 599 2448 membris
587 2399 789 2448 insistere
806 2400 1047 2464 nequibat)
1079 2399 1232 2449 vinclo
1248 2397 1416 2458 fasciae,
1434 2415 1574 2463 quam
1590 2397 1766 2462 pectori

231 2478 508 2539 detraxerat,
541 2476 590 2523 in
611 2477 804 2524 modum
823 2477 973 2564 laquei
995 2475 1053 2524 ad
1076 2492 1236 2525 arcum
1258 2476 1381 2525 sellae
1404 2475 1629 2546 restricto,
1650 2474 1765 2525 indi-

227 2555 295 2612 dit
338 2555 582 2613 cervicem,
633 2565 678 2602 et
716 2554 921 2617 corporis
964 2553 1170 2618 pondere
1203 2551 1407 2612 connisa,
1444 2562 1632 2600 tenuem
1661 2542 1777 2627 jam

229 2631 439 2695 spiritum
477 2631 726 2695 expressit.
773 2631 964 2685 clariore
1003 2630 1220 2694 exemplo
1257 2629 1490 2678 libertina
1499 2627 1683 2687 mulier,
1714 2627 1764 2676 in

228 2707 355 2762 tanta
399 2709 680 2767 necessitate,
700 2708 901 2766 alienos,
951 2724 1005 2756 ac
1044 2723 1189 2771 prope
1233 2707 1416 2772 ignotos
1459 2702 1788 2772 protegendo,

231 2787 345 2834 cum
390 2785 594 2850 ingenui,
644 2795 691 2832 et
726 2785 830 2844 viri,
867 2796 913 2832 et
951 2785 1125 2851 equites
1166 2783 1388 2844 Romani,
1422 2794 1764 2847 senatoresque,

477 2963 490 2981 ¹
511 2962 728 3013 Epicharin.
757 2963 818 3001 De
833 2960 912 3012 qua
928 2962 1076 3000 dictum
1094 2967 1149 3000 est
1170 2973 1287 3013 supra
1305 2973 1390 3012 cap.
1412 2961 1476 2998 51.
