1858 3224
1506 159 1793 246 nuqua

253 305 361 338 rum
390 287 605 337 secundae
641 280 865 351 legioni8,¹
893 285 1085 351 cognitis
1108 286 1790 351 quartadecimanorummicaei„

253 381 591 431 manofumque
606 366 623 386 ²
655 363 885 428 prosperis
920 365 1075 423 rebus,
1112 365 1218 429 quia
1254 367 1352 430 pari
1385 368 1533 433 gloria
1559 371 1790 444 legionem

253 459 385 492 suam
407 441 714 499 fraudaverat,
747 441 1076 504 abnueratque,
1110 453 1270 490 contra
1290 443 1430 495 ritum
1451 446 1639 507 militiae,
1662 451 1790 516 jussa

256 519 402 579 ducis,
437 536 485 568 se
506 518 658 583 ipsum
679 517 832 583 gladio
854 518 1086 583 transegit.

253 190 332 226 208
750 183 798 222 C.
825 181 1090 222 CORNELII
1120 182 1304 225 TACrrt

322 679 402 722 38.
438 673 808 721 CONTRAc’rth
831 672 995 719 deinde
1022 671 1169 721 omnis
1196 674 1440 735 exercituS,
1475 678 1562 726 sub
1590 676 1788 743 pellibus

256 750 437 800 habitus
459 752 559 808 est,³
583 749 641 797 ad
663 747 838 812 reliqua
859 749 967 796 belli
988 751 1303 813 perpetranda.
1372 753 1612 818 Auxitque
1634 754 1789 820 copias

256 828 434 886 Caesar,
467 824 611 873 missis
634 823 660 873 ὲ
685 824 938 874 Germania
969 826 1150 874 duobus
1183 824 1539 893 legionariorum
1568 831 1787 893 millibus,

255 915 363 954 octo
398 898 686 951 auxiliarium
715 901 1019 962 cohortibus:
1052 919 1104 951 ac
1140 903 1265 952 mille
1294 906 1548 970 equitibus:
1585 896 1789 972 quorum

256 983 474 1039 adventu,
496 980 667 1028 nonani
681 981 696 1008 ⁵
720 979 969 1045 legionario
991 980 1131 1029 milite
1152 983 1347 1046 suppleti
1368 995 1487 1032 sunt.
1558 985 1788 1042 Cohortes

256 1059 436 1123 alaeque
456 1057 586 1106 novis
608 1056 910 1104 hibernaculis
932 1057 1109 1117 locatae,
1143 1059 1361 1123 quodque
1386 1061 1623 1110 nationum
1643 1061 1788 1111 ambi-

256 1152 432 1203 guum,
445 1146 523 1183 aut
545 1135 788 1182 adversum
809 1131 974 1193 fuerat,
996 1134 1091 1200 igni
1107 1147 1244 1200 atque
1265 1134 1389 1188 ferro
1413 1149 1624 1186 vastatur.
1648 1175 1660 1205 .·
1684 1139 1788 1188 Sed

256 1212 370 1263 nihil
404 1211 557 1278 aeque,
591 1210 734 1276 quam
765 1209 910 1259 fames
932 1211 1173 1277 adfligebat
1195 1213 1397 1261 serendis
1417 1212 1630 1280 frugibus
1657 1214 1787 1270 incu-

256 1289 420 1349 riosos,
455 1301 501 1337 et
529 1288 656 1356 omni
687 1299 819 1337 aetate
849 1289 909 1337 ad
936 1289 1112 1353 bellum
1133 1288 1282 1348 versa,
1316 1292 1429 1339 dum
1457 1301 1638 1340 nostros
1658 1300 1786 1342 com-‘

255 1378 434 1416 meatus
471 1365 554 1414 sibi
599 1364 854 1426 destinant3
911 1377 1161 1431 gentesque
1199 1365 1474 1431 praeferoces
1510 1367 1687 1418 tardius
1724 1368 1785 1417 ad

259 1460 421 1509 pacem
452 1443 699 1503 inclinant3
737 1442 843 1507 quia
870 1444 1018 1493 Julius
1051 1444 1368 1504 classicianus,
1398 1459 1634 1494 successor
1666 1445 1786 1495 Cato

259 1515 461 1581 missus,⁶
498 1532 544 1569 et
581 1520 801 1570 Suetonio
847 1520 1037 1581 discors,
1079 1522 1261 1572 >bonum
1313 1521 1552 1587 publicum
1602 1520 1792 1587 privatis

262 1737 489 1784 Ἀποθοινίσης
516 1738 549 1780 δὲ
571 1740 597 1780 ἓν
614 1740 704 1794 nia-q·
730 1745 785 1787 τΐίς
812 1740 987 1788 Βενδεῗκης

263 1792 350 1844 ›bo-ep
380 1793 489 1837 ἷκείνην
516 1795 572 1844 μὲν
593 1792 698 1838 δεινῶς
721 1796 896 1842 {witha-ar,
926 1800 988 1837 και)

263 1850 460 1890 πολυτελεῖς
475 1845 616 1895 ἐ’θοιψοιν.
661 1851 772 1889 Forte
789 1854 989 1890 emendan-

263 1898 358 1938 dum
376 1899 479 1951 rein-9,
509 1905 599 1951 loco,
630 1917 698 1954 pro
716 1902 804 1955 rba-9,
831 1914 875 1944 ut
900 1919 988 1944 con—

257 1954 348 2003 jicit
367 1955 559 1994 Ernestus.
614 1957 780 1996 Ubinam
801 1960 886 1997 vero
909 1968 988 1998 tam

261 2008 458 2058 splendide
469 2010 501 2047 ei
513 2018 766 2060 parentatum,
783 2012 988 2063 ignoratur.

262 2061 376 2100 Illam
395 2063 494 2101 enim
511 2064 698 2114 sepultam
712 2078 787 2103 csse
804 2067 843 2103 in
858 2066 988 2105 Stone-

263 2114 413 2171 nge,
424 2116 462 2154 in
480 2115 530 2155 W
528 2117 685 2161 iltshire,
703 2119 859 2157 minime
871 2121 992 2158 credi-

262 2169 395 2207 derim.
451 2170 546 2208 Haec
575 2178 790 2222 portentosa
815 2172 988 2224 lapidum

261 2223 506 2271 substructio,
519 2237 635 2274 quam
649 2226 734 2263 vide
747 2227 786 2263 in
801 2226 990 2265 Camden's

262 2275 477 2323 Britannia,
519 2277 564 2329 by
603 2279 752 2330 Gough,
783 2280 872 2331 Vol.
891 2293 920 2318 1.
950 2294 989 2331 p.

266 2333 357 2372 135,
375 2330 447 2368 Ed.
472 2327 588 2368 1806.
614 2339 653 2370 et
670 2334 775 2383 apud
801 2334 863 2371 Cl.
883 2334 989 2384 Inigo

262 2382 390 2430 Jones,
435 2385 559 2422 multo
602 2386 819 2435 antiquiora
866 2389 992 2438 arguit

262 2445 434 2488 tempora
470 2437 640 2490 aliosque
675 2452 779 2479 usus.

315 2541 330 2561 ¹
368 2543 585 2592 Castrorum
621 2548 788 2586 secandoe
821 2548 990 2600 legionis.

263 2598 398 2636 Castra
416 2598 484 2636 illa
500 2608 607 2638 erant
624 2602 728 2651 apud
748 2601 906 2648 Siluras,
926 2615 992 2639 no-

259 2663 423 2702 menque
452 2653 624 2691 fecerunt
653 2654 752 2701 loco,
799 2656 989 2693 Britannis

262 2705 365 2743 dicto
411 2705 507 2744 Caer
536 2707 651 2751 Leon,
688 2717 726 2745 et
755 2708 850 2746 Caer
888 2708 989 2746 Leon

260 2772 304 2795 or
336 2757 430 2806 Uele,
459 2759 498 2797 id
526 2769 594 2808 est,
626 2759 726 2799 Urbs
755 2762 918 2812 legionis.
942 2763 991 2799 ad

259 2812 580 2863 Iscamfluviuw5
612 2815 754 2859 Iscam,
780 2815 874 2861 Uslc,
894 2816 990 2852 inter

258 2873 296 2903 et
325 2866 493 2904 rivulum
522 2867 653 2917 Οὲἰτυμ,
681 2868 720 2905 in
749 2868 988 2907 ,Μοηηιονΐῆ-

256 2919 369 2956 skire.
397 2918 572 2958 Plurima
601 2922 682 2971 ejus
710 2928 833 2959 vetera
856 2934 990 2959 monu-

257 2981 397 3019 menta,
424 2973 773 3025 inscriptionesque,
796 2973 915 3013 LEG.
937 2975 988 3013 11.

1058 1747 1132 1785 AV
1138 1747 1189 1784 G.
1206 1745 1245 1784 id
1260 1748 1329 1792 est,
1351 1742 1507 1795 legionis
1522 1740 1688 1781 secunde
1703 1740 1785 1780 Au-

1053 1807 1187 1851 gustoe,
1204 1800 1289 1837 vide
1305 1800 1345 1836 in
1363 1795 1552 1836 Camdea's
1569 1793 1785 1840 Britannia,

1054 1855 1100 1905 by
1124 1853 1273 1904 Gouglz,
1303 1852 1393 1890 Vol.
1424 1862 1494 1888 ιη,
1519 1862 1559 1901 p.
1588 1851 1677 1892 101.
1708 1847 1783 1886 Ed.

1062 1904 1176 1946 1806.

1107 1959 1125 1978 ²
1155 1958 1572 2004 Quartadecimanorum
1596 1955 1784 1994 vicesima-

1055 2027 1265 2063 norumque.
1295 2012 1339 2050 Id
1357 2021 1423 2058 est,
1451 2016 1596 2061 quartae
1623 2007 1783 2047 decimae

1056 2067 1211 2118 legionis
1235 2073 1272 2104 et
1294 2062 1576 2105 vexillariorum
1594 2061 1782 2100 vicesimae

1056 2121 1222 2171 legionis,
1252 2127 1296 2158 ut
1319 2119 1466 2157 dictum
1493 2123 1550 2154 est
1562 2127 1680 2166 supra
1695 2126 1787 2165 cap.

1111 2225 1126 2247 ³
1149 2227 1223 2266 Sub
1257 2220 1415 2277 pellibus
1450 2223 1595 2262 habitus
1629 2227 1698 2260 est.
1730 2220 1786 2260 Ut

1056 2281 1282 2319 hibernaret.

1108 2333 1128 2355 ⁴
1146 2333 1378 2372 Cohortibus.
1407 2331 1543 2370 Missas
1563 2328 1676 2367 fuisse
1695 2331 1784 2366 octo

1058 2390 1288 2426 Batavorum
1303 2387 1489 2430 cohortes,
1508 2383 1554 2420 de
1568 2382 1709 2432 quibus
1728 2382 1785 2418 in·

1057 2444 1115 2480 fra
1148 2442 1248 2479 Hist.
1277 2453 1307 2478 1.
1332 2444 1396 2484 59.
1425 2436 1561 2476 merito
1593 2435 1787 2472 existimat

1059 2495 1231 2534 eruditus
1248 2493 1424 2532 Savilius.
1801 2499 1803 2501 ’

1113 2547 1125 2569 ⁵
1151 2547 1318 2586 Nonani.
1351 2547 1469 2583 Nonae
1498 2541 1651 2593 legionis
1679 2539 1786 2578 exci-

1059 2603 1166 2640 dium
1191 2601 1352 2639 vidimus
1379 2610 1494 2650 supra
1522 2594 1664 2634 Annal.
1693 2605 1786 2632 mv.

1112 2705 1129 2726 ⁶
1158 2695 1355 2745 Successor
1384 2705 1477 2744 Cato
1508 2702 1651 2741 missus.
1689 2699 1785 2760 Suc·

1059 2774 1180 2801 cessor
1197 2761 1294 2798 Cato
1322 2760 1506 2803 Deciano,
1533 2759 1786 2813 procuratori,

1059 2817 1125 2866 qui
1138 2816 1187 2852 ob
1199 2814 1411 2858 avaritiam,
1421 2821 1459 2849 et
1470 2810 1559 2848 odia
1570 2817 1787 2859 provinciae,
1808 2817 1812 2826 ·

1059 2868 1228 2919 trepidus
1241 2867 1311 2904 “in
1355 2865 1526 2904 Galliam
1574 2860 1790 2915 transierat*

1060 2923 1185 2974 Supra
1203 2933 1288 2970 cap.
1309 2924 1372 2958 32.
