1858 3224
223 198 306 233 220
716 191 763 230 c,
791 187 1057 230 CORNELu
1083 191 1267 233 TAcm
1457 198 1510 237 A.
1530 199 1580 237 U,
1598 199 1644 238 e.
1665 203 1758 241 815.

219 304 256 328 ⁶⁶
289 295 438 346 misit:
486 310 690 359 quorum
719 294 833 341 alter
852 295 1082 342 bellorum
1115 295 1281 356 socius,
1311 299 1425 347 alter
1459 300 1758 368 Romnssplu.

223 381 258 405 ⁶⁶
290 375 419 422 ribus
440 372 672 420 laboribus
683 373 893 436 jactatus,
909 372 1061 436 ampla
1077 373 1282 436 quidem,
1300 377 1380 424 sed
1397 393 1482 441 pro
1498 377 1761 443 ingentibus

223 457 259 480 ‘⁶
291 451 500 508 meritus,
513 447 701 513 praemia
721 459 1004 511 acceperant.
1035 450 1138 514 Ego
1162 451 1272 514 quid
1295 452 1417 502 aliud
1435 455 1763 506 munificentiae

226 534 262 559 ‘⁶
280 540 388 576 'tuae
405 526 620 575 adhibere
638 525 782 589 potui,
798 525 939 590 quam
961 524 1126 584 studia,
1144 538 1195 576 ut
1216 528 1279 576 sic
1298 529 1511 590 dixerim,
1527 531 1762 582 inumbra>

227 611 263 635 ‘⁶
296 606 515 653 educata:
551 614 596 651 et
641 602 806 666 quibus
845 602 1067 651 claritudo
1103 604 1244 662 venit,
1280 607 1406 669 quod
1430 609 1632 672 juventae
1662 621 1762 658 ωε

229 688 265 712 ‘⁶
296 680 565 730 rudimentis
602 678 798 726 adfuisse
842 679 1034 727 videor?
1067 682 1240 744 grande
1275 682 1412 747 hujus
1441 684 1509 731 rei
1543 685 1758 748 pretium.

230 765 266 790 ‘⁶
298 762 367 808 At
387 769 438 805 tu
465 757 657 823 gratiam
685 756 972 815 immensam,
998 756 1286 806 innumeram
1307 760 1548 823 pecuniam
1568 761 1763 811 ehem-

233 842 269 867 ⁶⁶
301 834 481 893 dedisti,
497 833 615 881 adeo
635 843 687 881 ut
708 833 1015 897 plerumque
1003 832 1122 881 lntra
1145 851 1220 882 me
1236 835 1331 899 ipse
1353 837 1564 886 volvam:
1597 839 1762 905 Egone

234 920 270 945 ⁶⁶
302 911 502 977 equestri
545 922 590 959 et
632 908 896 973 provinciali
926 910 1057 957 loco¹
1094 922 1240 970 ortus,
1273 913 1538 975 proceribus
1576 914 1765 964 civitatis

153 1054 161 1059 χ
234 996 270 1022 ⁶⁶
300 991 607 1040 adnumeror.
596 987 613 1022 Ρ
646 988 772 1034 Inter
789 986 982 1044 nobiles,
1005 998 1050 1033 et
1085 987 1224 1052 longa
1255 989 1422 1036 decora
1444 989 1761 1054 praeferentes,

236 1075 272 1099 ‘⁶
304 1067 480 1116 novitas
540 1081 642 1112 mea
699 1061 892 1111 enituit?
943 1062 1041 1110 Ubi
1089 1074 1157 1111 est
1213 1064 1390 1114 animus
1443 1066 1522 1114 ille
1570 1068 1765 1117 modicis

235 1151 271 1176 ‘⁶
304 1142 578 1220 contentus?
610 1141 747 1189 Tales
769 1141 928 1188 hortos
948 1139 1164 1199 instruit:
1186 1153 1231 1188 et
1260 1143 1474 1206 per'haec
1503 1145 1765 1198 suburbana

236 1229 273 1255 ⁶⁶
306 1221 506 1279 incedit,³
563 1230 608 1267 et
624 1238 634 1251 ¹
661 1218 793 1266 tantis
853 1234 1073 1283 agrorum
1124 1219 1273 1282 spatiis
1311 1231 1406 1267 tam
1449 1220 1541 1268 lato
1583 1219 1768 1270 foenore

239 1307 276 1331 ‘⁶
307 1301 530 1349 exuberat
548 1296 600 1345 ?4
644 1298 755 1344 Una
804 1293 1009 1343 defensio
1059 1295 1277 1354 occurrit,
1327 1297 1459 1361 quod
1500 1298 1770 1355 muneribus

238 1383 289 1441 ‘⁶‘
305 1378 396 1427 tuis
416 1375 559 1425 obniti
580 1390 676 1423 non
697 1372 877 1443 debui.J’

299 1543 380 1584 54.
419 1538 448 1560 “
481 1534 586 1582 SED
641 1544 890 1587 UTERQUE
935 1544 1198 1576 mensuram
1248 1527 1554 1593 implevimus,
1604 1539 1652 1576 et
1686 1540 1769 1588 .,tu

242 1617 274 1639 ¹⁶
306 1623 531 1697 quantum
564 1607 782 1671 Princeps
816 1606 1018 1654 tribuere
1051 1602 1198 1655 amico
1227 1618 1395 1671 posset,
1417 1617 1464 1654 et
1497 1622 1603 1671 ege,
1619 1621 1768 1670 .-quan

241 1694 272 1717 ‘⁶
304 1701 406 1738 tum
439 1687 613 1736 amicus
652 1702 680 1732 a
708 1684 918 1748 Principe
953 1684 1171 1748 accipere.
1241 1685 1414 1733 Cetera
1433 1683 1653 1747 imtidiam
1689 1699 1769 1730 au

235 1773 271 1795 “
305 1779 445 1833 gent:
481 1781 586 1830 quae
609 1763 814 1828 quidem,
836 1774 887 1810 ut
921 1762 1075 1810 omnia
1095 1761 1318 1820 mortalia,
1330 1759 1470 1809 infla
1486 1759 1615 1808 tuam
1642 1775 1771 1824 mag-

242 1851 271 1873 “
305 1843 559 1893 nitudinem
590 1843 772 1908 jacent3
813 1842 894 1888 sed
932 1840 1044 1887 mihi
1077 1840 1350 1888 incumbunt
1365 1855 1381 1886 ε
1413 1837 1531 1887 mihiv
1559 1835 1773 1898 subveni·

243 1929 271 1950 ‘⁶
305 1922 478 1970 endum
501 1931 583 1968 est.
653 1920 764 1981 Quo
787 1919 930 1981 modo
961 1918 1010 1965 in
1032 1916 1208 1976 militia,
1230 1928 1308 1964 aut
1334 1914 1425 1974 via,
1450 1913 1609 1963 fessus*
1627 1911 1770 1962 admi⁴

241 2005 273 2028 ‘⁶
305 1998 513 2048 niculum
534 2012 716 2044 orarem
734 2014 750 2055 ;
785 1995 846 2043 ita
866 1994 915 2042 in
935 1994 1024 2042 hoc
1046 1993 1204 2042 itinere
1236 1993 1359 2052 vitae,
1379 2000 1615 2049 muffet
1640 1987 1771 2042 levis·-
1827 2031 1830 2034 .

242 2082 274 2106 ‘⁶
305 2077 431 2127 simis
451 2091 639 2140 quoque
660 2072 781 2121 curis
801 2072 967 2135 impar,
989 2071 1103 2119 cum
1125 2086 1236 2134 opes
1257 2085 1381 2117 meas
1402 2067 1522 2115 ultra
1549 2064 1770 2114 sustinere
1843 2079 1848 2099 ῑ

243 2160 272 2184 “
305 2167 402 2204 non
422 2152 610 2218 possim,
631 2148 894 2215 praesidium
915 2159 1037 2213 peto.
1105 2148 1228 2196 Jube.
1245 2162 1319 2194 eas
1341 2161 1424 2210 per
1451 2153 1771 2259 procuratores

1604 2243 1609 2266 l

299 2337 397 2376 'Et
429 2335 654 2387 provinciali
687 2336 779 2372 loco.
830 2333 972 2371 Sexeca
1045 2342 1141 2367 neca
1158 2330 1231 2379 Ep.
1250 2340 1318 2366 cx.
1349 2326 1410 2364 Ea:
1437 2324 1673 2364 Nomentano
1693 2332 1770 2361 meo
1836 2359 1837 2362 ,

244 2398 356 2435 natus
373 2392 576 2437 Cordubae,
600 2403 702 2428 nunc
722 2388 905 2435 Cordova,
933 2387 971 2424 in
1047 2389 1085 2421 te
1101 2384 1237 2421 saluto.

244 2444 444 2496 Hispania.
1098 2435 1117 2457 ⁴
1154 2435 1246 2474 Tam
1277 2434 1358 2471 lato
1394 2431 1545 2483 soenorc
1583 2429 1773 2468 exuberat.

297 2496 317 2514 ²
336 2499 446 2537 Tales
460 2498 586 2536 hortos
598 2496 765 2535 instruit
790 2494 972 2541 Instruit,
1049 2491 1145 2528 Lato
1161 2489 1315 2538 quidem
1332 2493 1372 2524 et
1390 2486 1592 2529 immenso,
1603 2483 1696 2523 cum
1715 2482 1774 2520 vel

245 2552 284 2590 id
301 2558 369 2598 est,
388 2552 537 2598 statuis,
554 2551 676 2601 aquis,
696 2549 895 2588 tonsilibus
910 2562 974 2586 ne-
1047 2544 1087 2581 in
1133 2541 1212 2580 una
1245 2538 1456 2584 Britannia,
1501 2544 1592 2578 teste
1636 2535 1774 2580 Dione,

243 2606 426 2652 moribus,
453 2605 614 2655 aliisque
643 2605 837 2642 hortorum
866 2615 974 2640 orna·
1050 2608 1156 2634 ωσι.
1213 2599 1345 2638 ..701
1373 2589 1683 2643 quadringenties
1703 2596 1777 2626 ses·

242 2660 379 2701 mentis
407 2658 571 2697 extollit.
597 2656 806 2702 juvenalis,
836 2670 879 2694 x.
911 2654 972 2695 16.
1049 2648 1215 2695 tertium,
1247 2647 1366 2698 Ange.
1394 2648 1486 2690 333,
1487 2643 1592 2683 3331.
1622 2639 1681 2682 δὲ.
1710 2641 1774 2680 Sd.
1776 2660 1780 2663 -

242 2719 428 2750 memorat
1047 2705 1112 2741 sub
1133 2703 1324 2765 largarum
1345 2713 1418 2750 spe·
1413 2709 1627 2740 :usurarum
1656 2694 1778 2734 credi-

1048 2756 1176 2802 disset,
1204 2755 1220 2793 ἱ
1246 2751 1384 2794 Σενέκας
1403 2750 1526 2801 χιλίας
1552 2747 1652 2796 ewa
1672 2763 1774 2814 pugo-

331 2816 458 2848 Magnos
469 2815 580 2843 Senecoe
592 2816 758 2849 predivitis
770 2815 878 2842 hortos.
1048 2805 1171 2852 “225⁹
1149 2807 1274 2847 “ao-3,
1287 2806 1341 2844 ξπ)
1359 2818 1527 2865 χρη-τηις
1545 2799 1659 2845 ἰλςίη
1673 2798 1775 2841 dm

315 2877 317 2879 ’
1047 2858 1210 2904 δανείσας.
1266 2860 1379 2899 Unde
1393 2858 1510 2897 etiam
1537 2854 1671 2916 prioris
1697 2865 1778 2893 mo-

297 2911 312 2935 ³
358 2913 577 2952 Suburbana
627 2914 777 2952 incedit.
827 2913 972 2952 Villam
1047 2916 1108 2953 tfis
1128 2913 1418 2964 rebellionisque
1434 2907 1778 2950 Britannieaecau-

242 2981 351 3007 suam
390 2969 672 3007 Nomentanam
706 2967 877 3019 appellat
910 2968 975 3006 Se·
1046 2982 1102 3009 su.
