1832 3230
240 154 316 194 56⁴2
644 155 807 194 NOIAE
838 156 870 193 Ε
872 156 904 193 '1
934 154 1051 192 EME
1056 155 1154 193 ND
1151 153 1387 193 leoNEs

242 234 410 296 scribit·
441 255 553 310 quod
571 253 665 297 Jac.
701 255 950 307 Gronovius,
980 254 1106 295 nimio
1138 269 1212 296 suo
1244 251 1345 296 MS.
1379 252 1603 319 Florentini
1635 252 1769 298 studio

241 329 446 383 abreptus,
477 329 615 381 edidit,
643 329 741 371 licet
759 337 987 385 repugnent
1005 328 1284 370 ceteriomnes
1303 327 1395 369 libri
1413 328 1555 384 scripti
1585 313 1627 371 et
1659 328 1772 380 editi,

243 401 400 458 idque
383 417 408 443 a
427 403 565 444 Taciti
598 404 822 446 narratione
842 412 884 445 et
902 412 1037 445 mente
1057 404 1224 445 omnino
1244 402 1296 444 sit
1315 402 1502 444 alienum.
1561 402 1771 450 Acidalius

244 478 434 519 emendat
465 478 558 519 odio
600 477 967 536 Romanffgeneris,
998 478 1112 533 quasi
1133 476 1350 519 Christiani
1370 475 1581 534 Romanos
1597 470 1772 529 oderint,

244 552 353 607 quod
375 551 523 593 falsum
544 560 585 593 et
604 551 785 607 ineptum
807 561 882 602 est,
912 560 1033 608 atque
1061 553 1113 592 ab
1148 567 1225 593 usu
1257 550 1412 592 Latinae
1446 549 1593 605 lingnae
1625 550 1774 597 abhor-

244 640 348 677 rens,
379 626 473 685 cilm
506 641 729 681 numquam
767 625 1002 668 Romanum
1029 626 1168 682 getius,
1212 625 1363 680 passim
1395 623 1618 666 humanum
1646 638 1782 681 genus*

245 699 417 740 dixerint
438 699 655 754 scriptores
677 699 869 741 Romani.
932 699 1125 741 Muretus
1157 698 1198 740 et
1217 698 1395 740 Faernus
1427 689 1563 741 delent
1592 696 1774 749 humani,

247 781 292 815 ut
326 781 485 814 maneat
515 774 671 815 tantum
705 772 797 814 odio
824 773 983 830 generis
1016 773 1191 814 convicti
1222 779 1328 813 sunt.
1388 770 1495 813 Haec
1530 770 1774 822 emendatio,

249 846 372 889 solito
403 847 565 888 Mureti
598 847 781 888 acumine
817 862 981 902 prorsus
1014 861 1153 897 vacua,
1197 844 1440 887 refutatione
1471 845 1579 901 haud
1610 842 1777 900 indiget.

247 922 404 963 Verum
433 922 529 962 cum
560 937 643 963 non
673 920 771 962 levis
803 919 999 962 momenti
1031 919 1082 961 sit
1116 919 1314 974 insignem
1343 919 1451 960 hunc
1469 917 1607 961 Taciti
1634 917 1775 960 locum

247 995 462 1044 illustrare,
492 1004 721 1050 ceteraque,
752 1009 842 1050 quae
862 995 913 1035 ad
932 1009 1021 1035 eam
1041 994 1091 1034 de
1113 991 1351 1035 Christianis
1371 992 1638 1049 quaestionem
1648 1007 1774 1048 spec-

249 1078 348 1120 tant,
378 1068 634 1124 diligentins
625 1068 840 1125 inquirere,
871 1083 1006 1123 operae
1043 1067 1217 1123 pretium
1249 1066 1346 1108 duxi
1378 1067 1429 1108 de
1450 1051 1774 1117 Christianorum

250 1142 430 1197 crimine,
451 1142 668 1199 supplicio,
688 1141 960 1199 suppliciique
979 1150 1164 1198 tempore
1183 1141 1387 1184 disserere.

254 1633 355 1677 DE
414 1630 931 1676 CHRISTIANIS
992 1630 1211 1674 HAUD
1277 1588 1632 1674 PER-iND'E
1696 1585 1790 1674 IN>

312 1722 678 1767 CRIMINE
738 1721 1116 1775 INCENDII,
1171 1721 1378 1767 QUAM
1421 1721 1604 1767 ODIO
1657 1721 1777 1770 HU-

310 1812 515 1889 MA.NI
554 1813 880 1858 GENERIS
927 1813 1337 1858 CONVICTIS.
1379 1873 1382 1878 θ
1604 1815 1621 1821 “

310 2059 437 2113 Nero,-
467 2067 514 2102 ut
533 2059 716 2102 aboleret
735 2062 940 2101 rumorem·
961 2075 1003 2101 se
1034 2074 1122 2101 esse
1141 2055 1446 2110 incendiarium,
1475 2070 1566 2100 reos
1601 2046 1780 2106 'subdidit

251 2135 516 2178 Christianos.
573 2134 756 2186 Judices,
775 2133 993 2189 ⁴Principis
1014 2132 1190 2175 infamiae
1210 2147 1289 2174 non
1320 2132 1461 2188 ignari,
1491 2133 1561 2174 sed
1591 2132 1779 2175 adversus

250 2223 340 2251 eam
374 2208 549 2259 invalidi,
582 2207 834 2249 Christianos
865 2206 1126 2262 corripuere:
1157 2215 1199 2249 at
1217 2208 1311 2249 cum
1331 2207 1568 2256 scirentjeos
1587 2206 1778 2260 criminis,
1820 2247 1822 2249 .

195 2318 200 2324 ,
250 2283 367 2339 cujus
388 2282 710 2338 postulabantur,
741 2296 832 2322 reos
851 2296 932 2322 non
952 2296 1051 2333 esse,
1081 2281 1187 2322 haud
1206 2281 1372 2336 perinde
1389 2280 1431 2322 in
1449 2267 1616 2322 crirnine
1641 2272 1779 2324 incenss

247 2355 317 2407 dii,
348 2355 471 2411 quam
491 2355 585 2397 odio
606 2355 759 2409 generis
777 2349 943 2396 humani
963 2355 1136 2396 convicti
1155 2362 1262 2396 sunt.
1321 2341 1548 2402 Quodnam¹
1560 2340 1657 2405 verb
1677 2353 1781 2397 illud

250 2415 406 2480 odium,
435 2429 475 2470 in
507 2444 589 2485 quo
622 2428 797 2470 convicti
827 2430 949 2470 sunt?
1007 2427 1094 2470 Alii
1112 2427 1255 2470 volunt
1275 2428 1514 2471 Christianis
1532 2429 1672 2471 datum
1691 2443 1780 2472 esse
1830 2424 1832 2428 ’

249 2502 421 2553 crimini,
451 2503 564 2558 quod
605 2517 730 2557 genus
761 2501 982 2543 humanum
1017 2502 1188 2544 oderint.
1249 2502 1335 2550 Qui
1365 2502 1421 2549 ita
1454 2501 1642 2555 sentiunt,
1670 2502 1780 2544 haud

249 2575 576 2618 animadvertere
611 2576 723 2631 apud
757 2575 969 2617 Romanos
999 2575 1153 2617 nullam
1187 2575 1324 2628 fuisse,
1353 2591 1429 2618 nec
1462 2591 1659 2634 umquam
1693 2591 1781 2619 esse

249 2649 434 2705 potuisse
463 2648 663 2690 actionem
689 2649 740 2690 de
765 2649 876 2702 odio,
905 2649 1000 2691 cum
1019 2650 1143 2700 facta,
1171 2664 1254 2691 non
1273 2665 1412 2692 sensus
1436 2650 1648 2701 hominum
1669 2649 1782 2708 judi-

250 2730 342 2765 cent
362 2722 611 2778 puniantque
629 2721 740 2777 leges
763 2722 974 2765 Romanae.
1033 2722 1119 2764 Alii
1138 2724 1389 2766 contendunt
1419 2725 1628 2767 damnatos
1657 2724 1781 2768 fuisse

252 2796 522 2848 Christianos,
553 2796 662 2852 quod
683 2811 753 2839 eos
771 2796 923 2839 odisset
942 2797 1164 2839 humanum
1179 2812 1318 2853 genus.
1377 2798 1475 2845 Qua
1495 2797 1660 2855 quidem
1691 2813 1782 2841 sen-

250 2871 377 2914 tentia
394 2870 492 2922 nihil
510 2863 831 2926 improbabilius.
891 2870 1005 2915 Nam
1025 2870 1059 2914 si
1080 2871 1189 2927 apud
1210 2870 1421 2915 Romanos
1451 2870 1561 2915 nulla
1574 2871 1654 2915 fuit
1669 2872 1779 2927 actio
