<?xml version="1.0" encoding="UTF-8"?>
<!DOCTYPE html PUBLIC "-//W3C//DTD XHTML 1.0 Transitional//EN"
    "http://www.w3.org/TR/xhtml1/DTD/xhtml1-transitional.dtd">
<html xmlns="http://www.w3.org/1999/xhtml" xml:lang="en" lang="en">
 <head>
  <title>
</title>
<meta http-equiv="Content-Type" content="text/html;charset=utf-8" />
  <meta name='ocr-system' content='tesseract 3.04.00' />
  <meta name='ocr-capabilities' content='ocr_page ocr_carea ocr_par ocr_line ocrx_word'/>
</head>
<body>
  <div class='ocr_page' id='page_1' title='image "./operarecognovite02taciuoft/operarecognovite02taciuoft_0435.png"; bbox 0 0 1832 3230; ppageno 0'>
   <div class='ocr_carea' id='block_1_1' title="bbox 338 142 1613 191">
    <p class='ocr_par' dir='ltr' id='par_1_1' title="bbox 338 142 1613 191">
     <span class='ocr_line' id='line_1_1' title="bbox 338 142 1613 191; baseline 0.002 -7"><span class='ocrx_word' id='word_1_1' title='bbox 338 145 418 184; x_wconf 90' lang='lat' dir='ltr'><strong>AD</strong></span> <span class='ocrx_word' id='word_1_2' title='bbox 450 143 552 182; x_wconf 91' lang='lat' dir='ltr'><strong>LIB.</strong></span> <span class='ocrx_word' id='word_1_3' title='bbox 583 143 678 182; x_wconf 93' lang='lat' dir='ltr'><strong>XII.</strong></span> <span class='ocrx_word' id='word_1_4' title='bbox 706 143 842 181; x_wconf 91' lang='lat' dir='ltr'>ANN.</span> <span class='ocrx_word' id='word_1_5' title='bbox 871 143 918 183; x_wconf 84' lang='lat' dir='ltr'><strong>C.</strong></span> <span class='ocrx_word' id='word_1_6' title='bbox 946 142 1112 181; x_wconf 86' lang='lat' dir='ltr'><strong>CORN.</strong></span> <span class='ocrx_word' id='word_1_7' title='bbox 1140 143 1340 183; x_wconf 86' lang='lat' dir='ltr'>TACITI.</span> <span class='ocrx_word' id='word_1_8' title='bbox 1532 149 1613 191; x_wconf 77' lang='lat'><strong>427</strong></span> 
     </span>
    </p>
   </div>
   <div class='ocr_carea' id='block_1_2' title="bbox 8 236 1616 602">
    <p class='ocr_par' dir='ltr' id='par_1_2' title="bbox 8 236 1616 602">
     <span class='ocr_line' id='line_1_2' title="bbox 8 236 1613 302; baseline 0 -14"><span class='ocrx_word' id='word_1_9' title='bbox 8 236 10 239; x_wconf 34' lang='grc'><em>’</em></span> <span class='ocrx_word' id='word_1_10' title='bbox 74 247 188 301; x_wconf 74' lang='lat' dir='ltr'><strong>Et</strong></span> <span class='ocrx_word' id='word_1_11' title='bbox 209 247 376 296; x_wconf 61' lang='lat' dir='ltr'><strong>mmmm</strong></span> <span class='ocrx_word' id='word_1_12' title='bbox 396 245 484 290; x_wconf 84' lang='lat' dir='ltr'><strong>Dei</strong></span> <span class='ocrx_word' id='word_1_13' title='bbox 501 246 746 288; x_wconf 78' lang='lat' dir='ltr'><em>ministram.</em></span> <span class='ocrx_word' id='word_1_14' title='bbox 798 245 869 287; x_wconf 90' lang='lat' dir='ltr'><strong>Sic</strong></span> <span class='ocrx_word' id='word_1_15' title='bbox 891 244 1029 287; x_wconf 85' lang='lat' dir='ltr'>MSS.</span> <span class='ocrx_word' id='word_1_16' title='bbox 1052 245 1164 288; x_wconf 88' lang='lat' dir='ltr'><strong>Flor.</strong></span> <span class='ocrx_word' id='word_1_17' title='bbox 1187 246 1293 302; x_wconf 81' lang='lat' dir='ltr'><strong>Reg.</strong></span> <span class='ocrx_word' id='word_1_18' title='bbox 1315 245 1426 288; x_wconf 91' lang='lat' dir='ltr'><strong>Bud.</strong></span> <span class='ocrx_word' id='word_1_19' title='bbox 1447 246 1613 290; x_wconf 84' lang='lat' dir='ltr'><strong>Fames.</strong></span> 
     </span>
     <span class='ocr_line' id='line_1_3' title="bbox 23 320 1616 380; baseline -0.003 -11"><span class='ocrx_word' id='word_1_20' title='bbox 23 342 27 351; x_wconf 74' lang='lat'><strong><em>‘</em></strong></span> <span class='ocrx_word' id='word_1_21' title='bbox 66 323 255 376; x_wconf 14' lang='lat' dir='ltr'><strong>eit-offitio</strong></span> <span class='ocrx_word' id='word_1_22' title='bbox 275 322 479 380; x_wconf 87' lang='lat' dir='ltr'><strong>princeps.</strong></span> <span class='ocrx_word' id='word_1_23' title='bbox 539 321 679 363; x_wconf 90' lang='lat' dir='ltr'><strong>MSS.</strong></span> <span class='ocrx_word' id='word_1_24' title='bbox 697 320 838 375; x_wconf 27' lang='lat' dir='ltr'><strong>*HarL</strong></span> <span class='ocrx_word' id='word_1_25' title='bbox 874 320 963 363; x_wconf 85' lang='lat' dir='ltr'><strong>Jes.</strong></span> <span class='ocrx_word' id='word_1_26' title='bbox 995 329 1036 363; x_wconf 88' lang='lat' dir='ltr'><strong>et</strong></span> <span class='ocrx_word' id='word_1_27' title='bbox 1071 320 1324 364; x_wconf 88' lang='lat' dir='ltr'><strong>Puteolanus</strong></span> <span class='ocrx_word' id='word_1_28' title='bbox 1365 323 1489 364; x_wconf 78' lang='lat' dir='ltr'><strong>tanti.</strong></span> <span class='ocrx_word' id='word_1_29' title='bbox 1549 322 1616 365; x_wconf 84' lang='lat' dir='ltr'><strong>lta</strong></span> 
     </span>
     <span class='ocr_line' id='line_1_4' title="bbox 68 394 1614 456; baseline -0.002 -15"><span class='ocrx_word' id='word_1_30' title='bbox 68 413 235 456; x_wconf 85' lang='lat' dir='ltr'><strong>quoque</strong></span> <span class='ocrx_word' id='word_1_31' title='bbox 269 397 543 441; x_wconf 85' lang='lat' dir='ltr'><strong>emendatum</strong></span> <span class='ocrx_word' id='word_1_32' title='bbox 569 395 610 436; x_wconf 89' lang='lat' dir='ltr'><strong>in</strong></span> <span class='ocrx_word' id='word_1_33' title='bbox 649 395 753 437; x_wconf 87' lang='lat' dir='ltr'><strong>MS.</strong></span> <span class='ocrx_word' id='word_1_34' title='bbox 790 394 915 437; x_wconf 91' lang='lat' dir='ltr'><strong>Bodl.</strong></span> <span class='ocrx_word' id='word_1_35' title='bbox 952 395 992 437; x_wconf 89' lang='lat' dir='ltr'><strong>in</strong></span> <span class='ocrx_word' id='word_1_36' title='bbox 1031 411 1114 452; x_wconf 90' lang='lat' dir='ltr'><strong>quo</strong></span> <span class='ocrx_word' id='word_1_37' title='bbox 1154 395 1266 451; x_wconf 70' lang='lat' dir='ltr'><strong>prius</strong></span> <span class='ocrx_word' id='word_1_38' title='bbox 1310 405 1396 438; x_wconf 86' lang='lat' dir='ltr'><strong>erat</strong></span> <span class='ocrx_word' id='word_1_39' title='bbox 1436 403 1614 439; x_wconf 76' lang='lat' dir='ltr'><strong>tantum.</strong></span> 
     </span>
     <span class='ocr_line' id='line_1_5' title="bbox 66 469 1614 528; baseline -0.001 -13"><span class='ocrx_word' id='word_1_40' title='bbox 66 471 250 518; x_wconf 76' lang='lat' dir='ltr'><strong>Volebat</strong></span> <span class='ocrx_word' id='word_1_41' title='bbox 267 487 418 528; x_wconf 86' lang='lat' dir='ltr'>nempe</span> <span class='ocrx_word' id='word_1_42' title='bbox 439 469 640 513; x_wconf 82' lang='lat' dir='ltr'><strong>Claudius</strong></span> <span class='ocrx_word' id='word_1_43' title='bbox 661 478 706 511; x_wconf 93' lang='lat' dir='ltr'><strong>ut</strong></span> <span class='ocrx_word' id='word_1_44' title='bbox 740 469 886 521; x_wconf 90' lang='lat' dir='ltr'><strong>insula,</strong></span> <span class='ocrx_word' id='word_1_45' title='bbox 919 469 1080 511; x_wconf 82' lang='lat' dir='ltr'><strong>tributis</strong></span> <span class='ocrx_word' id='word_1_46' title='bbox 1106 484 1249 523; x_wconf 88' lang='lat' dir='ltr'><strong>vacua,</strong></span> <span class='ocrx_word' id='word_1_47' title='bbox 1279 485 1393 512; x_wconf 87' lang='lat' dir='ltr'><strong>sacra</strong></span> <span class='ocrx_word' id='word_1_48' title='bbox 1414 472 1536 522; x_wconf 87' lang='lat' dir='ltr'><strong>foret,</strong></span> <span class='ocrx_word' id='word_1_49' title='bbox 1572 480 1614 513; x_wconf 90' lang='lat' dir='ltr'><strong>et</strong></span> 
     </span>
     <span class='ocr_line' id='line_1_6' title="bbox 65 543 601 602; baseline -0.007 -12"><span class='ocrx_word' id='word_1_50' title='bbox 65 545 138 589; x_wconf 86' lang='lat' dir='ltr'><strong>uni</strong></span> <span class='ocrx_word' id='word_1_51' title='bbox 157 545 404 602; x_wconf 83' lang='lat' dir='ltr'><strong>AEsculapio</strong></span> <span class='ocrx_word' id='word_1_52' title='bbox 423 543 601 588; x_wconf 86' lang='lat' dir='ltr'><strong>serviret.</strong></span> 
     </span>
    </p>
   </div>
   <div class='ocr_carea' id='block_1_3' title="bbox 0 690 1612 1051">
    <p class='ocr_par' dir='ltr' id='par_1_3' title="bbox 0 690 1612 902">
     <span class='ocr_line' id='line_1_7' title="bbox 0 690 1612 764; baseline -0.001 -27"><span class='ocrx_word' id='word_1_53' title='bbox 0 747 2 764; x_wconf 69' lang='lat'>›</span> <span class='ocrx_word' id='word_1_54' title='bbox 125 692 248 745; x_wconf 72' lang='lat' dir='ltr'>CAP.</span> <span class='ocrx_word' id='word_1_55' title='bbox 271 694 342 738; x_wconf 80' lang='lat'><strong>62.</strong></span> <span class='ocrx_word' id='word_1_56' title='bbox 376 691 602 736; x_wconf 84' lang='lat' dir='ltr'><strong><em>Nobiscum</em></strong></span> <span class='ocrx_word' id='word_1_57' title='bbox 622 692 792 734; x_wconf 77' lang='lat' dir='ltr'><strong>icerant.</strong></span> <span class='ocrx_word' id='word_1_58' title='bbox 854 691 925 734; x_wconf 89' lang='lat' dir='ltr'><strong>Sic</strong></span> <span class='ocrx_word' id='word_1_59' title='bbox 947 690 1088 734; x_wconf 87' lang='lat' dir='ltr'><strong>MSS.</strong></span> <span class='ocrx_word' id='word_1_60' title='bbox 1107 690 1231 734; x_wconf 92' lang='lat' dir='ltr'><strong>Bodl.</strong></span> <span class='ocrx_word' id='word_1_61' title='bbox 1261 691 1291 735; x_wconf 94' lang='lat' dir='ltr'><strong>J</strong></span> <span class='ocrx_word' id='word_1_62' title='bbox 1294 707 1349 734; x_wconf 73' lang='grc' dir='ltr'><strong>εει.</strong></span> <span class='ocrx_word' id='word_1_63' title='bbox 1385 691 1551 748; x_wconf 88' lang='lat' dir='ltr'><strong>Lipsius</strong></span> <span class='ocrx_word' id='word_1_64' title='bbox 1570 702 1612 735; x_wconf 89' lang='lat' dir='ltr'><strong>et</strong></span> 
     </span>
     <span class='ocr_line' id='line_1_8' title="bbox 0 761 1610 820; baseline -0.004 -6"><span class='ocrx_word' id='word_1_65' title='bbox 0 765 1 776; x_wconf 48' lang='lat'>¹</span> <span class='ocrx_word' id='word_1_66' title='bbox 66 767 327 814; x_wconf 84' lang='lat' dir='ltr'><strong>recentiores.</strong></span> <span class='ocrx_word' id='word_1_67' title='bbox 386 766 438 810; x_wconf 93' lang='lat' dir='ltr'><strong>In</strong></span> <span class='ocrx_word' id='word_1_68' title='bbox 487 761 627 810; x_wconf 89' lang='lat' dir='ltr'><strong>MSS.</strong></span> <span class='ocrx_word' id='word_1_69' title='bbox 677 766 791 808; x_wconf 84' lang='lat' dir='ltr'><strong>Flor.</strong></span> <span class='ocrx_word' id='word_1_70' title='bbox 836 764 982 808; x_wconf 89' lang='lat' dir='ltr'><strong>Guelf.</strong></span> <span class='ocrx_word' id='word_1_71' title='bbox 1022 774 1064 808; x_wconf 89' lang='lat' dir='ltr'><strong>et</strong></span> <span class='ocrx_word' id='word_1_72' title='bbox 1103 765 1350 808; x_wconf 83' lang='lat' dir='ltr'><strong>editionibus</strong></span> <span class='ocrx_word' id='word_1_73' title='bbox 1392 767 1610 820; x_wconf 84' lang='lat' dir='ltr'><strong>veteribus,</strong></span> 
     </span>
     <span class='ocr_line' id='line_1_9' title="bbox 50 843 696 902; baseline -0.006 -14"><span class='ocrx_word' id='word_1_74' title='bbox 50 843 265 902; x_wconf 65' lang='lat' dir='ltr'><strong>jecerant..</strong></span> <span class='ocrx_word' id='word_1_75' title='bbox 690 844 696 848; x_wconf 82' lang='grc'><strong>’</strong></span> 
     </span>
    </p>

    <p class='ocr_par' dir='ltr' id='par_1_4' title="bbox 65 914 1612 1051">
     <span class='ocr_line' id='line_1_10' title="bbox 98 914 1612 974; baseline -0.002 -13"><span class='ocrx_word' id='word_1_76' title='bbox 98 935 102 938; x_wconf 90' lang='lat'>·</span> <span class='ocrx_word' id='word_1_77' title='bbox 123 916 448 968; x_wconf 72' lang='lat' dir='ltr'><strong>Memorabcmt3</strong></span> <span class='ocrx_word' id='word_1_78' title='bbox 479 930 646 974; x_wconf 69' lang='lat' dir='ltr'><strong>quaeque</strong></span> <span class='ocrx_word' id='word_1_79' title='bbox 669 914 809 968; x_wconf 51' lang='lat' dir='ltr'><strong>Sulla</strong></span> <span class='ocrx_word' id='word_1_80' title='bbox 872 914 994 958; x_wconf 72' lang='lat' dir='ltr'><strong>Male</strong></span> <span class='ocrx_word' id='word_1_81' title='bbox 1014 914 1056 957; x_wconf 90' lang='lat' dir='ltr'><strong>in</strong></span> <span class='ocrx_word' id='word_1_82' title='bbox 1076 914 1215 958; x_wconf 89' lang='lat' dir='ltr'><strong>MSS.</strong></span> <span class='ocrx_word' id='word_1_83' title='bbox 1244 922 1285 956; x_wconf 92' lang='lat' dir='ltr'><strong>et</strong></span> <span class='ocrx_word' id='word_1_84' title='bbox 1305 914 1507 957; x_wconf 86' lang='lat' dir='ltr'><strong>veteribus</strong></span> <span class='ocrx_word' id='word_1_85' title='bbox 1525 914 1612 958; x_wconf 87' lang='lat' dir='ltr'><strong>edi-</strong></span> 
     </span>
     <span class='ocr_line' id='line_1_11' title="bbox 65 988 927 1051; baseline -0.005 -16"><span class='ocrx_word' id='word_1_86' title='bbox 65 991 261 1051; x_wconf 84' lang='lat' dir='ltr'><strong>tionibus,</strong></span> <span class='ocrx_word' id='word_1_87' title='bbox 289 991 655 1048; x_wconf 78' lang='lat' dir='ltr'><strong>memorabantque</strong></span> <span class='ocrx_word' id='word_1_88' title='bbox 674 1002 762 1047; x_wconf 77' lang='lat' dir='ltr'><strong>qzeae</strong></span> <span class='ocrx_word' id='word_1_89' title='bbox 785 988 927 1032; x_wconf 78' lang='lat' dir='ltr'><strong>Sullae.</strong></span> 
     </span>
    </p>
   </div>
   <div class='ocr_carea' id='block_1_4' title="bbox 0 1132 1630 2918">
    <p class='ocr_par' dir='ltr' id='par_1_5' title="bbox 0 1132 1630 2925">
     <span class='ocr_line' id='line_1_12' title="bbox 124 1132 1613 1196; baseline -0.003 -11"><span class='ocrx_word' id='word_1_90' title='bbox 124 1139 247 1186; x_wconf 59' lang='grc' dir='ltr'><strong>ΕΑΒ.</strong></span> <span class='ocrx_word' id='word_1_91' title='bbox 275 1132 348 1184; x_wconf 84' lang='grc'><strong>68.</strong></span> <span class='ocrx_word' id='word_1_92' title='bbox 383 1137 456 1186; x_wconf 77' lang='lat' dir='ltr'><strong>Vis</strong></span> <span class='ocrx_word' id='word_1_93' title='bbox 481 1140 658 1196; x_wconf 80' lang='lat' dir='ltr'><strong>piscium</strong></span> <span class='ocrx_word' id='word_1_94' title='bbox 689 1141 903 1182; x_wconf 85' lang='lat' dir='ltr'><strong>innumera</strong></span> <span class='ocrx_word' id='word_1_95' title='bbox 941 1137 1080 1182; x_wconf 82' lang='lat' dir='ltr'><strong>Ponto</strong></span> <span class='ocrx_word' id='word_1_96' title='bbox 1116 1154 1339 1196; x_wconf 77' lang='lat' dir='ltr'><strong>erumpens.</strong></span> <span class='ocrx_word' id='word_1_97' title='bbox 1399 1138 1540 1182; x_wconf 88' lang='lat' dir='ltr'><strong>MSS.</strong></span> <span class='ocrx_word' id='word_1_98' title='bbox 1569 1146 1613 1182; x_wconf 85' lang='lat' dir='ltr'><strong>et</strong></span> 
     </span>
     <span class='ocr_line' id='line_1_13' title="bbox 52 1213 1614 1272; baseline -0.003 -11"><span class='ocrx_word' id='word_1_99' title='bbox 52 1224 222 1261; x_wconf 53' lang='lat' dir='ltr'><strong>&#39;veteres</strong></span> <span class='ocrx_word' id='word_1_100' title='bbox 232 1214 451 1268; x_wconf 82' lang='lat' dir='ltr'><strong>editiones,</strong></span> <span class='ocrx_word' id='word_1_101' title='bbox 481 1215 543 1257; x_wconf 85' lang='lat' dir='ltr'><strong>vis</strong></span> <span class='ocrx_word' id='word_1_102' title='bbox 555 1215 734 1271; x_wconf 80' lang='lat' dir='ltr'><strong>piscium</strong></span> <span class='ocrx_word' id='word_1_103' title='bbox 753 1215 798 1257; x_wconf 83' lang='lat' dir='ltr'><strong>in</strong></span> <span class='ocrx_word' id='word_1_104' title='bbox 821 1213 1111 1272; x_wconf 65' lang='lat' dir='ltr'><strong>Bletapontum</strong></span> <span class='ocrx_word' id='word_1_105' title='bbox 1132 1229 1356 1271; x_wconf 80' lang='lat' dir='ltr'><strong>erumpens.</strong></span> <span class='ocrx_word' id='word_1_106' title='bbox 1415 1213 1505 1257; x_wconf 84' lang='lat' dir='ltr'><strong>Viri</strong></span> <span class='ocrx_word' id='word_1_107' title='bbox 1523 1229 1614 1257; x_wconf 87' lang='lat' dir='ltr'><strong>eru-</strong></span> 
     </span>
     <span class='ocr_line' id='line_1_14' title="bbox 4 1287 1613 1350; baseline -0.004 -14"><span class='ocrx_word' id='word_1_108' title='bbox 4 1289 22 1350; x_wconf 51' lang='lat'><strong>¹.</strong></span> <span class='ocrx_word' id='word_1_109' title='bbox 67 1290 142 1336; x_wconf 85' lang='lat' dir='ltr'><strong>diti</strong></span> <span class='ocrx_word' id='word_1_110' title='bbox 162 1290 448 1341; x_wconf 73' lang='lat' dir='ltr'><strong>emendarunt,</strong></span> <span class='ocrx_word' id='word_1_111' title='bbox 467 1290 530 1332; x_wconf 84' lang='lat' dir='ltr'><strong>vis</strong></span> <span class='ocrx_word' id='word_1_112' title='bbox 542 1289 718 1346; x_wconf 81' lang='lat' dir='ltr'><strong>piscium</strong></span> <span class='ocrx_word' id='word_1_113' title='bbox 738 1289 954 1332; x_wconf 81' lang='lat' dir='ltr'><strong>innumera</strong></span> <span class='ocrx_word' id='word_1_114' title='bbox 973 1288 1158 1331; x_wconf 82' lang='lat' dir='ltr'><strong>Pontum</strong></span> <span class='ocrx_word' id='word_1_115' title='bbox 1178 1303 1402 1345; x_wconf 82' lang='lat' dir='ltr'><strong>erumpens.</strong></span> <span class='ocrx_word' id='word_1_116' title='bbox 1434 1287 1613 1344; x_wconf 70' lang='lat' dir='ltr'><strong>Optime</strong></span> 
     </span>
     <span class='ocr_line' id='line_1_15' title="bbox 66 1361 1613 1424; baseline -0.004 -14"><span class='ocrx_word' id='word_1_117' title='bbox 66 1365 235 1424; x_wconf 79' lang='lat' dir='ltr'><strong>quidem</strong></span> <span class='ocrx_word' id='word_1_118' title='bbox 252 1365 486 1408; x_wconf 84' lang='lat' dir='ltr'><strong>restitutum</strong></span> <span class='ocrx_word' id='word_1_119' title='bbox 499 1364 735 1407; x_wconf 73' lang='lat' dir='ltr'><strong>innumera.</strong></span> <span class='ocrx_word' id='word_1_120' title='bbox 796 1364 881 1406; x_wconf 89' lang='lat' dir='ltr'><strong>Sed</strong></span> <span class='ocrx_word' id='word_1_121' title='bbox 901 1364 1043 1406; x_wconf 83' lang='lat' dir='ltr'><strong>adhuc.</strong></span> <span class='ocrx_word' id='word_1_122' title='bbox 1055 1363 1337 1418; x_wconf 86' lang='lat' dir='ltr'><strong>corrigendum</strong></span> <span class='ocrx_word' id='word_1_123' title='bbox 1357 1371 1443 1404; x_wconf 87' lang='lat' dir='ltr'><strong>erat</strong></span> <span class='ocrx_word' id='word_1_124' title='bbox 1459 1361 1613 1404; x_wconf 78' lang='lat' dir='ltr'><strong>Ponto.</strong></span> 
     </span>
     <span class='ocr_line' id='line_1_16' title="bbox 69 1425 1612 1495; baseline -0.004 -11.243"><span class='ocrx_word' id='word_1_125' title='bbox 69 1425 141 1484; x_wconf 81' lang='lat' dir='ltr'><strong>&#39;Sic</strong></span> <span class='ocrx_word' id='word_1_126' title='bbox 162 1439 272 1484; x_wconf 87' lang='lat' dir='ltr'><strong>enim</strong></span> <span class='ocrx_word' id='word_1_127' title='bbox 293 1438 511 1482; x_wconf 85' lang='lat' dir='ltr'><strong>Sallustius</strong></span> <span class='ocrx_word' id='word_1_128' title='bbox 531 1440 643 1495; x_wconf 88' lang='lat' dir='ltr'><strong>apud</strong></span> <span class='ocrx_word' id='word_1_129' title='bbox 679 1446 855 1483; x_wconf 75' lang='lat' dir='ltr'><strong>veterem</strong></span> <span class='ocrx_word' id='word_1_130' title='bbox 881 1437 1139 1481; x_wconf 85' lang='lat' dir='ltr'><strong>Scholiasten</strong></span> <span class='ocrx_word' id='word_1_131' title='bbox 1156 1437 1184 1480; x_wconf 90' lang='lat' dir='ltr'>J</span> <span class='ocrx_word' id='word_1_132' title='bbox 1190 1436 1368 1479; x_wconf 86' lang='lat' dir='ltr'><strong>uvenalis</strong></span> <span class='ocrx_word' id='word_1_133' title='bbox 1390 1438 1523 1492; x_wconf 87' lang='lat' dir='ltr'><strong>Satyr.</strong></span> <span class='ocrx_word' id='word_1_134' title='bbox 1548 1451 1612 1478; x_wconf 81' lang='lat' dir='ltr'><strong>iv.</strong></span> 
     </span>
     <span class='ocr_line' id='line_1_17' title="bbox 0 1511 1618 1573; baseline -0.003 -14"><span class='ocrx_word' id='word_1_135' title='bbox 0 1527 9 1558; x_wconf 72' lang='grc'><strong>’,</strong></span> <span class='ocrx_word' id='word_1_136' title='bbox 67 1521 139 1559; x_wconf 82' lang='lat'><strong>42.</strong></span> <span class='ocrx_word' id='word_1_137' title='bbox 200 1514 355 1573; x_wconf 82' lang='lat' dir='ltr'><strong>Itaque</strong></span> <span class='ocrx_word' id='word_1_138' title='bbox 382 1520 622 1571; x_wconf 23' lang='lat' dir='ltr'><strong>‘tempestate</strong></span> <span class='ocrx_word' id='word_1_139' title='bbox 644 1513 820 1570; x_wconf 80' lang='lat' dir='ltr'><strong>piscium</strong></span> <span class='ocrx_word' id='word_1_140' title='bbox 847 1512 909 1555; x_wconf 85' lang='lat' dir='ltr'><strong>vis</strong></span> <span class='ocrx_word' id='word_1_141' title='bbox 933 1511 1074 1555; x_wconf 83' lang='lat' dir='ltr'><strong>Ponto</strong></span> <span class='ocrx_word' id='word_1_142' title='bbox 1109 1512 1257 1569; x_wconf 79' lang='lat' dir='ltr'><strong>erupit.</strong></span> <span class='ocrx_word' id='word_1_143' title='bbox 1320 1511 1447 1553; x_wconf 90' lang='lat' dir='ltr'><strong>Hunc</strong></span> <span class='ocrx_word' id='word_1_144' title='bbox 1477 1511 1618 1554; x_wconf 87' lang='lat' dir='ltr'><strong>Taciti</strong></span> 
     </span>
     <span class='ocr_line' id='line_1_18' title="bbox 66 1584 1616 1646; baseline -0.005 -12.327"><span class='ocrx_word' id='word_1_145' title='bbox 66 1589 208 1634; x_wconf 85' lang='lat' dir='ltr'><strong>locum</strong></span> <span class='ocrx_word' id='word_1_146' title='bbox 226 1588 389 1646; x_wconf 70' lang='lat' dir='ltr'><strong>egregie</strong></span> <span class='ocrx_word' id='word_1_147' title='bbox 409 1587 583 1631; x_wconf 89' lang='lat' dir='ltr'><strong>illustrat</strong></span> <span class='ocrx_word' id='word_1_148' title='bbox 604 1587 778 1641; x_wconf 89' lang='lat' dir='ltr'><strong>Plinius,</strong></span> <span class='ocrx_word' id='word_1_149' title='bbox 811 1602 881 1629; x_wconf 82' lang='lat' dir='ltr'><strong>ix.</strong></span> <span class='ocrx_word' id='word_1_150' title='bbox 919 1593 983 1630; x_wconf 89' lang='lat'><strong>15.</strong></span> <span class='ocrx_word' id='word_1_151' title='bbox 1044 1590 1071 1612; x_wconf 89' lang='lat'>“</span> <span class='ocrx_word' id='word_1_152' title='bbox 1092 1587 1175 1629; x_wconf 88' lang='lat' dir='ltr'><strong>Sed</strong></span> <span class='ocrx_word' id='word_1_153' title='bbox 1208 1585 1250 1627; x_wconf 88' lang='lat' dir='ltr'><strong>in</strong></span> <span class='ocrx_word' id='word_1_154' title='bbox 1283 1585 1471 1628; x_wconf 90' lang='lat' dir='ltr'><strong>Pontum</strong></span> <span class='ocrx_word' id='word_1_155' title='bbox 1501 1584 1616 1627; x_wconf 88' lang='lat' dir='ltr'><strong>nulla</strong></span> 
     </span>
     <span class='ocr_line' id='line_1_19' title="bbox 0 1644 1630 1720; baseline -0.003 -13"><span class='ocrx_word' id='word_1_156' title='bbox 0 1700 10 1707; x_wconf 82' lang='lat'><strong>.</strong></span> <span class='ocrx_word' id='word_1_157' title='bbox 66 1665 190 1709; x_wconf 73' lang='lat' dir='ltr'><strong>intrat</strong></span> <span class='ocrx_word' id='word_1_158' title='bbox 209 1663 341 1708; x_wconf 87' lang='lat' dir='ltr'><strong>bestia</strong></span> <span class='ocrx_word' id='word_1_159' title='bbox 360 1663 544 1720; x_wconf 83' lang='lat' dir='ltr'><strong>piscibus</strong></span> <span class='ocrx_word' id='word_1_160' title='bbox 562 1662 765 1715; x_wconf 83' lang='lat' dir='ltr'><strong>malefica,</strong></span> <span class='ocrx_word' id='word_1_161' title='bbox 797 1670 943 1718; x_wconf 84' lang='lat' dir='ltr'><strong>praeter</strong></span> <span class='ocrx_word' id='word_1_162' title='bbox 973 1661 1124 1704; x_wconf 88' lang='lat' dir='ltr'><strong>vitulos</strong></span> <span class='ocrx_word' id='word_1_163' title='bbox 1155 1669 1196 1703; x_wconf 90' lang='lat' dir='ltr'><strong>et</strong></span> <span class='ocrx_word' id='word_1_164' title='bbox 1215 1677 1363 1717; x_wconf 88' lang='lat' dir='ltr'><strong>parvos</strong></span> <span class='ocrx_word' id='word_1_165' title='bbox 1381 1644 1630 1715; x_wconf 51' lang='lat' dir='ltr'><strong>delphinoss</strong></span> 
     </span>
     <span class='ocr_line' id='line_1_20' title="bbox 0 1734 1615 1798; baseline -0.004 -14"><span class='ocrx_word' id='word_1_166' title='bbox 0 1779 15 1798; x_wconf 91' lang='grc'><strong>,.</strong></span> <span class='ocrx_word' id='word_1_167' title='bbox 65 1739 232 1797; x_wconf 79' lang='lat' dir='ltr'><strong>Thynni</strong></span> <span class='ocrx_word' id='word_1_168' title='bbox 250 1738 394 1783; x_wconf 55' lang='lat' dir='ltr'><strong>dextr&amp;</strong></span> <span class='ocrx_word' id='word_1_169' title='bbox 411 1737 505 1795; x_wconf 60' lang='lat' dir='ltr'><strong>ripa</strong></span> <span class='ocrx_word' id='word_1_170' title='bbox 524 1738 688 1790; x_wconf 88' lang='lat' dir='ltr'><strong>intrant,</strong></span> <span class='ocrx_word' id='word_1_171' title='bbox 719 1745 870 1779; x_wconf 88' lang='lat' dir='ltr'><strong>exeunt</strong></span> <span class='ocrx_word' id='word_1_172' title='bbox 887 1736 1005 1779; x_wconf 67' lang='lat' dir='ltr'><strong>laeva.</strong></span> <span class='ocrx_word' id='word_1_173' title='bbox 1066 1735 1117 1778; x_wconf 87' lang='lat' dir='ltr'><strong>Id</strong></span> <span class='ocrx_word' id='word_1_174' title='bbox 1137 1736 1320 1778; x_wconf 89' lang='lat' dir='ltr'><strong>accidere</strong></span> <span class='ocrx_word' id='word_1_175' title='bbox 1346 1734 1615 1788; x_wconf 82' lang='lat' dir='ltr'><strong>existimatur,</strong></span> 
     </span>
     <span class='ocr_line' id='line_1_21' title="bbox 0 1809 1615 1874; baseline -0.006 -15"><span class='ocrx_word' id='word_1_176' title='bbox 0 1815 9 1844; x_wconf 54' lang='grc' dir='ltr'>ἶ</span> <span class='ocrx_word' id='word_1_177' title='bbox 68 1815 167 1874; x_wconf 79' lang='lat' dir='ltr'><strong>quia</strong></span> <span class='ocrx_word' id='word_1_178' title='bbox 185 1811 332 1859; x_wconf 67' lang='lat' dir='ltr'><strong>dextro</strong></span> <span class='ocrx_word' id='word_1_179' title='bbox 353 1812 480 1856; x_wconf 88' lang='lat' dir='ltr'><strong>oculo</strong></span> <span class='ocrx_word' id='word_1_180' title='bbox 514 1812 608 1869; x_wconf 89' lang='lat' dir='ltr'><strong>plus</strong></span> <span class='ocrx_word' id='word_1_181' title='bbox 640 1820 822 1863; x_wconf 88' lang='lat' dir='ltr'><strong>cernant,</strong></span> <span class='ocrx_word' id='word_1_182' title='bbox 853 1819 1028 1868; x_wconf 87' lang='lat' dir='ltr'><strong>utroque</strong></span> <span class='ocrx_word' id='word_1_183' title='bbox 1062 1811 1208 1853; x_wconf 71' lang='lat' dir='ltr'><strong>natur-21</strong></span> <span class='ocrx_word' id='word_1_184' title='bbox 1238 1812 1400 1852; x_wconf 84' lang='lat' dir='ltr'><strong>hebete.</strong></span> <span class='ocrx_word' id='word_1_185' title='bbox 1461 1809 1540 1851; x_wconf 89' lang='lat' dir='ltr'><strong>Est</strong></span> <span class='ocrx_word' id='word_1_186' title='bbox 1573 1809 1615 1851; x_wconf 88' lang='lat' dir='ltr'><strong>in</strong></span> 
     </span>
     <span class='ocr_line' id='line_1_22' title="bbox 67 1883 1616 1947; baseline -0.006 -13.373"><span class='ocrx_word' id='word_1_187' title='bbox 67 1889 231 1947; x_wconf 83' lang='lat' dir='ltr'><strong>Euripo</strong></span> <span class='ocrx_word' id='word_1_188' title='bbox 250 1887 420 1932; x_wconf 82' lang='lat' dir='ltr'><strong>Thracii</strong></span> <span class='ocrx_word' id='word_1_189' title='bbox 441 1887 674 1944; x_wconf 65' lang='lat' dir='ltr'><strong>Bosphori,</strong></span> <span class='ocrx_word' id='word_1_190' title='bbox 697 1902 780 1943; x_wconf 93' lang='lat' dir='ltr'><strong>quo</strong></span> <span class='ocrx_word' id='word_1_191' title='bbox 803 1885 1029 1941; x_wconf 88' lang='lat' dir='ltr'><strong>Propontis</strong></span> <span class='ocrx_word' id='word_1_192' title='bbox 1049 1885 1216 1927; x_wconf 89' lang='lat' dir='ltr'><strong>Euxino</strong></span> <span class='ocrx_word' id='word_1_193' title='bbox 1245 1884 1435 1942; x_wconf 86' lang='lat' dir='ltr'><strong>juugitur</strong></span> <span class='ocrx_word' id='word_1_194' title='bbox 1453 1883 1495 1925; x_wconf 91' lang='lat' dir='ltr'><strong>in</strong></span> <span class='ocrx_word' id='word_1_195' title='bbox 1514 1883 1616 1939; x_wconf 88' lang='lat' dir='ltr'><strong>ipsis</strong></span> 
     </span>
     <span class='ocr_line' id='line_1_23' title="bbox 33 1940 1615 2023; baseline -0.005 -15.163"><span class='ocrx_word' id='word_1_196' title='bbox 33 1987 38 1992; x_wconf 88' lang='lat'><em>·</em></span> <span class='ocrx_word' id='word_1_197' title='bbox 66 1951 283 2022; x_wconf 80' lang='lat' dir='ltr'><strong>Europam</strong></span> <span class='ocrx_word' id='word_1_198' title='bbox 302 1962 530 2023; x_wconf 84' lang='lat' dir='ltr'><strong>Asiamque</strong></span> <span class='ocrx_word' id='word_1_199' title='bbox 558 1960 780 2018; x_wconf 86' lang='lat' dir='ltr'><strong>separantis</strong></span> <span class='ocrx_word' id='word_1_200' title='bbox 800 1960 892 2002; x_wconf 84' lang='lat' dir='ltr'><strong>freti</strong></span> <span class='ocrx_word' id='word_1_201' title='bbox 912 1959 1119 2015; x_wconf 83' lang='lat' dir='ltr'><strong>angustiis,</strong></span> <span class='ocrx_word' id='word_1_202' title='bbox 1136 1940 1279 2001; x_wconf 70' lang='lat' dir='ltr'><strong>saxuin</strong></span> <span class='ocrx_word' id='word_1_203' title='bbox 1299 1958 1392 2001; x_wconf 87' lang='lat' dir='ltr'><strong>miri</strong></span> <span class='ocrx_word' id='word_1_204' title='bbox 1412 1958 1615 2012; x_wconf 85' lang='lat' dir='ltr'><strong>candoris,</strong></span> 
     </span>
     <span class='ocr_line' id='line_1_24' title="bbox 0 2033 1614 2094; baseline -0.005 -11"><span class='ocrx_word' id='word_1_205' title='bbox 0 2055 4 2075; x_wconf 77' lang='lat'>2</span> <span class='ocrx_word' id='word_1_206' title='bbox 44 2033 46 2036; x_wconf 17' lang='lat' dir='ltr'>V</span> <span class='ocrx_word' id='word_1_207' title='bbox 67 2038 105 2084; x_wconf 50' lang='lat' dir='ltr'><strong>i*</strong></span> <span class='ocrx_word' id='word_1_208' title='bbox 125 2039 232 2094; x_wconf 66' lang='lat' dir='ltr'><strong>vado</strong></span> <span class='ocrx_word' id='word_1_209' title='bbox 266 2038 319 2080; x_wconf 83' lang='lat' dir='ltr'><strong>ad</strong></span> <span class='ocrx_word' id='word_1_210' title='bbox 351 2051 513 2080; x_wconf 84' lang='lat' dir='ltr'><strong>summa</strong></span> <span class='ocrx_word' id='word_1_211' title='bbox 538 2035 767 2092; x_wconf 85' lang='lat' dir='ltr'><strong>perlucens,</strong></span> <span class='ocrx_word' id='word_1_212' title='bbox 790 2036 916 2093; x_wconf 82' lang='lat' dir='ltr'><strong>juxta</strong></span> <span class='ocrx_word' id='word_1_213' title='bbox 937 2033 1245 2077; x_wconf 85' lang='lat' dir='ltr'><strong>Chalcedonem</strong></span> <span class='ocrx_word' id='word_1_214' title='bbox 1278 2033 1319 2075; x_wconf 94' lang='lat' dir='ltr'><strong>in</strong></span> <span class='ocrx_word' id='word_1_215' title='bbox 1339 2033 1466 2076; x_wconf 89' lang='lat' dir='ltr'><strong>latere</strong></span> <span class='ocrx_word' id='word_1_216' title='bbox 1487 2033 1614 2076; x_wconf 64' lang='lat' dir='ltr'><strong>Asia».</strong></span> 
     </span>
     <span class='ocr_line' id='line_1_25' title="bbox 1 2108 1617 2172; baseline -0.006 -14"><span class='ocrx_word' id='word_1_217' title='bbox 1 2117 11 2146; x_wconf 59' lang='lat'><strong>&lt;²</strong></span> <span class='ocrx_word' id='word_1_218' title='bbox 68 2113 214 2172; x_wconf 82' lang='lat' dir='ltr'><strong>Hujus</strong></span> <span class='ocrx_word' id='word_1_219' title='bbox 232 2121 403 2169; x_wconf 83' lang='lat' dir='ltr'><strong>aspectu</strong></span> <span class='ocrx_word' id='word_1_220' title='bbox 434 2112 600 2168; x_wconf 73' lang='lat' dir='ltr'><strong>repente</strong></span> <span class='ocrx_word' id='word_1_221' title='bbox 623 2110 764 2163; x_wconf 86' lang='lat' dir='ltr'><strong>territi,</strong></span> <span class='ocrx_word' id='word_1_222' title='bbox 795 2125 957 2166; x_wconf 90' lang='lat' dir='ltr'><strong>semper</strong></span> <span class='ocrx_word' id='word_1_223' title='bbox 976 2110 1190 2151; x_wconf 87' lang='lat' dir='ltr'><strong>adversum</strong></span> <span class='ocrx_word' id='word_1_224' title='bbox 1213 2108 1400 2162; x_wconf 87' lang='lat' dir='ltr'><strong>Byzantii</strong></span> <span class='ocrx_word' id='word_1_225' title='bbox 1421 2123 1617 2164; x_wconf 87' lang='lat' dir='ltr'><strong>promon-</strong></span> 
     </span>
     <span class='ocr_line' id='line_1_26' title="bbox 0 2182 1618 2253; baseline -0.005 -21"><span class='ocrx_word' id='word_1_226' title='bbox 0 2217 7 2253; x_wconf 42' lang='grc' dir='ltr'><strong>»ὅ</strong></span> <span class='ocrx_word' id='word_1_227' title='bbox 67 2187 235 2245; x_wconf 73' lang='lat' dir='ltr'><strong>terium,</strong></span> <span class='ocrx_word' id='word_1_228' title='bbox 264 2202 316 2230; x_wconf 80' lang='lat' dir='ltr'><strong>ex</strong></span> <span class='ocrx_word' id='word_1_229' title='bbox 350 2188 403 2229; x_wconf 63' lang='lat' dir='ltr'><strong>ea</strong></span> <span class='ocrx_word' id='word_1_230' title='bbox 437 2182 562 2230; x_wconf 60' lang='lat' dir='ltr'><strong>causa</strong></span> <span class='ocrx_word' id='word_1_231' title='bbox 596 2185 851 2242; x_wconf 88' lang='lat' dir='ltr'><strong>appellatum</strong></span> <span class='ocrx_word' id='word_1_232' title='bbox 885 2183 1015 2227; x_wconf 87' lang='lat' dir='ltr'><strong>Aurei</strong></span> <span class='ocrx_word' id='word_1_233' title='bbox 1051 2199 1215 2235; x_wconf 82' lang='lat' dir='ltr'><strong>cornus,</strong></span> <span class='ocrx_word' id='word_1_234' title='bbox 1246 2183 1451 2239; x_wconf 86' lang='lat' dir='ltr'><strong>praecipiti</strong></span> <span class='ocrx_word' id='word_1_235' title='bbox 1470 2191 1618 2239; x_wconf 88' lang='lat' dir='ltr'><strong>petunt</strong></span> 
     </span>
     <span class='ocr_line' id='line_1_27' title="bbox 67 2257 1618 2320; baseline -0.006 -12.373"><span class='ocrx_word' id='word_1_236' title='bbox 67 2262 242 2320; x_wconf 70' lang='lat' dir='ltr'><strong>agmine.</strong></span> <span class='ocrx_word' id='word_1_237' title='bbox 302 2261 451 2320; x_wconf 78' lang='lat' dir='ltr'><strong>Itaque</strong></span> <span class='ocrx_word' id='word_1_238' title='bbox 485 2261 617 2303; x_wconf 90' lang='lat' dir='ltr'><strong>omnis</strong></span> <span class='ocrx_word' id='word_1_239' title='bbox 652 2268 823 2316; x_wconf 85' lang='lat' dir='ltr'><strong>captura</strong></span> <span class='ocrx_word' id='word_1_240' title='bbox 857 2258 1047 2315; x_wconf 89' lang='lat' dir='ltr'><strong>Byzantii</strong></span> <span class='ocrx_word' id='word_1_241' title='bbox 1065 2266 1140 2310; x_wconf 90' lang='lat' dir='ltr'><strong>est,</strong></span> <span class='ocrx_word' id='word_1_242' title='bbox 1172 2274 1319 2314; x_wconf 85' lang='lat' dir='ltr'><strong>magna</strong></span> <span class='ocrx_word' id='word_1_243' title='bbox 1341 2257 1618 2300; x_wconf 87' lang='lat' dir='ltr'><strong>Chalcedonis</strong></span> 
     </span>
     <span class='ocr_line' id='line_1_28' title="bbox 0 2331 1618 2398; baseline -0.006 -16"><span class='ocrx_word' id='word_1_244' title='bbox 0 2359 7 2370; x_wconf 57' lang='lat' dir='ltr'><em>v</em></span> <span class='ocrx_word' id='word_1_245' title='bbox 67 2337 240 2398; x_wconf 87' lang='lat' dir='ltr'><strong>penuria</strong></span> <span class='ocrx_word' id='word_1_246' title='bbox 269 2332 382 2380; x_wconf 88' lang='lat' dir='ltr'><strong>mille</strong></span> <span class='ocrx_word' id='word_1_247' title='bbox 421 2350 617 2392; x_wconf 88' lang='lat' dir='ltr'><strong>passuum</strong></span> <span class='ocrx_word' id='word_1_248' title='bbox 651 2334 775 2376; x_wconf 86' lang='lat' dir='ltr'><strong>medii</strong></span> <span class='ocrx_word' id='word_1_249' title='bbox 805 2333 1071 2376; x_wconf 86' lang='lat' dir='ltr'><strong>interfluentis</strong></span> <span class='ocrx_word' id='word_1_250' title='bbox 1107 2332 1268 2388; x_wconf 83' lang='lat' dir='ltr'><strong>Euripi.</strong></span> <span class='ocrx_word' id='word_1_251' title='bbox 1329 2331 1618 2388; x_wconf 88' lang='lat' dir='ltr'><strong>Opperiuntur</strong></span> 
     </span>
     <span class='ocr_line' id='line_1_29' title="bbox 67 2407 1616 2470; baseline -0.006 -12.415"><span class='ocrx_word' id='word_1_252' title='bbox 67 2421 207 2458; x_wconf 78' lang='lat' dir='ltr'><strong>autem</strong></span> <span class='ocrx_word' id='word_1_253' title='bbox 235 2410 456 2470; x_wconf 89' lang='lat' dir='ltr'><strong>Aquilonis</strong></span> <span class='ocrx_word' id='word_1_254' title='bbox 476 2410 636 2463; x_wconf 86' lang='lat' dir='ltr'><strong>flatum,</strong></span> <span class='ocrx_word' id='word_1_255' title='bbox 668 2419 715 2451; x_wconf 86' lang='lat' dir='ltr'><strong>ut</strong></span> <span class='ocrx_word' id='word_1_256' title='bbox 747 2409 927 2451; x_wconf 85' lang='lat' dir='ltr'><strong>secundo</strong></span> <span class='ocrx_word' id='word_1_257' title='bbox 963 2409 1093 2450; x_wconf 87' lang='lat' dir='ltr'><strong>fluctu</strong></span> <span class='ocrx_word' id='word_1_258' title='bbox 1121 2415 1267 2450; x_wconf 85' lang='lat' dir='ltr'><strong>exeant</strong></span> <span class='ocrx_word' id='word_1_259' title='bbox 1298 2408 1320 2450; x_wconf 78' lang='grc' dir='ltr'>ὲ</span> <span class='ocrx_word' id='word_1_260' title='bbox 1354 2407 1510 2459; x_wconf 89' lang='lat' dir='ltr'><strong>Ponto,</strong></span> <span class='ocrx_word' id='word_1_261' title='bbox 1540 2421 1616 2448; x_wconf 90' lang='lat' dir='ltr'><strong>nec</strong></span> 
     </span>
     <span class='ocr_line' id='line_1_30' title="bbox 0 2477 1617 2548; baseline -0.006 -17"><span class='ocrx_word' id='word_1_262' title='bbox 0 2477 2 2548; x_wconf 44' lang='lat' dir='ltr'><strong>i</strong></span> <span class='ocrx_word' id='word_1_263' title='bbox 68 2487 148 2531; x_wconf 72' lang='lat' dir='ltr'><strong>nisi</strong></span> <span class='ocrx_word' id='word_1_264' title='bbox 177 2487 374 2530; x_wconf 73' lang='lat' dir='ltr'><strong>intrantes</strong></span> <span class='ocrx_word' id='word_1_265' title='bbox 407 2494 576 2542; x_wconf 87' lang='lat' dir='ltr'><strong>portum</strong></span> <span class='ocrx_word' id='word_1_266' title='bbox 609 2484 854 2540; x_wconf 87' lang='lat' dir='ltr'><strong>Byzantium</strong></span> <span class='ocrx_word' id='word_1_267' title='bbox 890 2482 1120 2539; x_wconf 86' lang='lat' dir='ltr'><strong>capiuntur.</strong></span> <span class='ocrx_word' id='word_1_268' title='bbox 1182 2482 1346 2524; x_wconf 59' lang='lat' dir='ltr'><strong>Bruma</strong></span> <span class='ocrx_word' id='word_1_269' title='bbox 1365 2497 1447 2524; x_wconf 91' lang='lat' dir='ltr'><strong>non</strong></span> <span class='ocrx_word' id='word_1_270' title='bbox 1467 2496 1617 2536; x_wconf 83' lang='lat' dir='ltr'><strong>vagan-</strong></span> 
     </span>
     <span class='ocr_line' id='line_1_31' title="bbox 0 2555 1616 2618; baseline -0.007 -10"><span class='ocrx_word' id='word_1_271' title='bbox 0 2600 5 2610; x_wconf 71' lang='grc'>,</span> <span class='ocrx_word' id='word_1_272' title='bbox 70 2566 164 2607; x_wconf 78' lang='lat' dir='ltr'><strong>tur:</strong></span> <span class='ocrx_word' id='word_1_273' title='bbox 195 2561 448 2618; x_wconf 83' lang='lat' dir='ltr'><strong>ubicumque</strong></span> <span class='ocrx_word' id='word_1_274' title='bbox 463 2559 720 2617; x_wconf 85' lang='lat' dir='ltr'><strong>deprehensi,</strong></span> <span class='ocrx_word' id='word_1_275' title='bbox 750 2574 878 2614; x_wconf 89' lang='lat' dir='ltr'><strong>usque</strong></span> <span class='ocrx_word' id='word_1_276' title='bbox 894 2559 946 2600; x_wconf 86' lang='lat' dir='ltr'><strong>ad</strong></span> <span class='ocrx_word' id='word_1_277' title='bbox 970 2556 1277 2615; x_wconf 67' lang='lat' dir='ltr'><strong>aequinoctium,</strong></span> <span class='ocrx_word' id='word_1_278' title='bbox 1308 2555 1366 2597; x_wconf 86' lang='lat' dir='ltr'><strong>ibi</strong></span> <span class='ocrx_word' id='word_1_279' title='bbox 1386 2555 1616 2597; x_wconf 87' lang='lat' dir='ltr'><strong>hibernant.</strong></span> 
     </span>
     <span class='ocr_line' id='line_1_32' title="bbox 40 2629 1618 2693; baseline -0.007 -12.272"><span class='ocrx_word' id='word_1_280' title='bbox 40 2636 203 2685; x_wconf 84' lang='lat' dir='ltr'><strong>Iidem</strong></span> <span class='ocrx_word' id='word_1_281' title='bbox 223 2651 334 2693; x_wconf 80' lang='lat' dir='ltr'><strong>saepe</strong></span> <span class='ocrx_word' id='word_1_282' title='bbox 351 2635 510 2691; x_wconf 85' lang='lat' dir='ltr'><strong>navigia</strong></span> <span class='ocrx_word' id='word_1_283' title='bbox 528 2634 625 2678; x_wconf 89' lang='lat' dir='ltr'><strong>velis</strong></span> <span class='ocrx_word' id='word_1_284' title='bbox 641 2633 778 2676; x_wconf 87' lang='lat' dir='ltr'><strong>euntia</strong></span> <span class='ocrx_word' id='word_1_285' title='bbox 797 2633 1054 2682; x_wconf 87' lang='lat' dir='ltr'><strong>comitantes,</strong></span> <span class='ocrx_word' id='word_1_286' title='bbox 1086 2632 1191 2673; x_wconf 62' lang='lat' dir='ltr'><strong>mira</strong></span> <span class='ocrx_word' id='word_1_287' title='bbox 1211 2630 1378 2687; x_wconf 89' lang='lat' dir='ltr'><strong>quidam</strong></span> <span class='ocrx_word' id='word_1_288' title='bbox 1400 2629 1618 2671; x_wconf 87' lang='lat' dir='ltr'><strong>dulcedine</strong></span> 
     </span>
     <span class='ocr_line' id='line_1_33' title="bbox 43 2699 1619 2772; baseline -0.006 -17.266"><span class='ocrx_word' id='word_1_289' title='bbox 43 2699 45 2701; x_wconf 17' lang='grc' dir='ltr'><strong><em>ι</em></strong></span> <span class='ocrx_word' id='word_1_290' title='bbox 68 2699 145 2771; x_wconf 77' lang='lat' dir='ltr'><strong>per</strong></span> <span class='ocrx_word' id='word_1_291' title='bbox 161 2709 319 2772; x_wconf 53' lang='lat' dir='ltr'><strong>aliquo}</strong></span> <span class='ocrx_word' id='word_1_292' title='bbox 337 2709 532 2753; x_wconf 82' lang='lat' dir='ltr'><strong>horarum</strong></span> <span class='ocrx_word' id='word_1_293' title='bbox 551 2708 682 2765; x_wconf 87' lang='lat' dir='ltr'><strong>spatia</strong></span> <span class='ocrx_word' id='word_1_294' title='bbox 700 2716 741 2750; x_wconf 90' lang='lat' dir='ltr'><strong>et</strong></span> <span class='ocrx_word' id='word_1_295' title='bbox 767 2723 963 2764; x_wconf 85' lang='lat' dir='ltr'><strong>passuum</strong></span> <span class='ocrx_word' id='word_1_296' title='bbox 983 2706 1111 2748; x_wconf 82' lang='lat' dir='ltr'><strong>millia</strong></span> <span class='ocrx_word' id='word_1_297' title='bbox 1129 2705 1154 2747; x_wconf 71' lang='lat' dir='ltr'><strong>a</strong></span> <span class='ocrx_word' id='word_1_298' title='bbox 1184 2703 1472 2760; x_wconf 84' lang='lat' dir='ltr'><strong>gubernaculis</strong></span> <span class='ocrx_word' id='word_1_299' title='bbox 1501 2718 1619 2759; x_wconf 88' lang='lat' dir='ltr'><strong>spec-</strong></span> 
     </span>
     <span class='ocr_line' id='line_1_34' title="bbox 0 2775 1622 2852; baseline -0.007 -21"><span class='ocrx_word' id='word_1_300' title='bbox 0 2775 11 2852; x_wconf 61' lang='lat'><strong>{⁸</strong></span> <span class='ocrx_word' id='word_1_301' title='bbox 69 2795 220 2840; x_wconf 64' lang='lat' dir='ltr'><strong>untur,</strong></span> <span class='ocrx_word' id='word_1_302' title='bbox 248 2801 300 2828; x_wconf 86' lang='lat' dir='ltr'><strong>ne</strong></span> <span class='ocrx_word' id='word_1_303' title='bbox 319 2784 494 2828; x_wconf 88' lang='lat' dir='ltr'><strong>tridente</strong></span> <span class='ocrx_word' id='word_1_304' title='bbox 513 2783 679 2842; x_wconf 90' lang='lat' dir='ltr'><strong>quidem</strong></span> <span class='ocrx_word' id='word_1_305' title='bbox 699 2782 740 2825; x_wconf 90' lang='lat' dir='ltr'><strong>in</strong></span> <span class='ocrx_word' id='word_1_306' title='bbox 759 2798 831 2825; x_wconf 90' lang='lat' dir='ltr'><strong>eos</strong></span> <span class='ocrx_word' id='word_1_307' title='bbox 851 2782 999 2838; x_wconf 72' lang='lat' dir='ltr'><strong>saepius</strong></span> <span class='ocrx_word' id='word_1_308' title='bbox 1011 2783 1129 2839; x_wconf 87' lang='lat' dir='ltr'><strong>jacto</strong></span> <span class='ocrx_word' id='word_1_309' title='bbox 1150 2780 1278 2822; x_wconf 86' lang='lat' dir='ltr'><strong>territi</strong></span> <span class='ocrx_word' id='word_1_310' title='bbox 1308 2811 1318 2820; x_wconf 89' lang='lat'><strong>.</strong></span> <span class='ocrx_word' id='word_1_311' title='bbox 1337 2812 1346 2821; x_wconf 95' lang='lat'><strong>.</strong></span> <span class='ocrx_word' id='word_1_312' title='bbox 1365 2810 1375 2820; x_wconf 93' lang='lat'><em>.</em></span> <span class='ocrx_word' id='word_1_313' title='bbox 1412 2777 1545 2820; x_wconf 87' lang='lat' dir='ltr'><strong>Multi</strong></span> <span class='ocrx_word' id='word_1_314' title='bbox 1576 2777 1622 2827; x_wconf 76' lang='lat' dir='ltr'><strong>in</strong></span> 
     </span>
     <span class='ocr_line' id='line_1_35' title="bbox 72 2853 1620 2918; baseline -0.009 -11.622"><span class='ocrx_word' id='word_1_315' title='bbox 72 2860 332 2918; x_wconf 77' lang='lat' dir='ltr'><strong>Propontide</strong></span> <span class='ocrx_word' id='word_1_316' title='bbox 351 2860 558 2904; x_wconf 86' lang='lat' dir='ltr'><strong>aestivant:</strong></span> <span class='ocrx_word' id='word_1_317' title='bbox 592 2858 777 2902; x_wconf 88' lang='lat' dir='ltr'><strong>Pontum</strong></span> <span class='ocrx_word' id='word_1_318' title='bbox 797 2873 879 2901; x_wconf 91' lang='lat' dir='ltr'><strong>non</strong></span> <span class='ocrx_word' id='word_1_319' title='bbox 899 2857 1089 2901; x_wconf 80' lang='lat' dir='ltr'><strong>intrant.&#39;’</strong></span> <span class='ocrx_word' id='word_1_320' title='bbox 1125 2855 1286 2898; x_wconf 85' lang='lat' dir='ltr'><strong>Eadem</strong></span> <span class='ocrx_word' id='word_1_321' title='bbox 1305 2853 1435 2896; x_wconf 72' lang='lat' dir='ltr'><strong>ferme</strong></span> <span class='ocrx_word' id='word_1_322' title='bbox 1456 2853 1620 2895; x_wconf 83' lang='lat' dir='ltr'><strong>tradunt</strong></span> 
     </span>
    </p>
   </div>
  </div>
 </body>
</html>
