1832 3230
373 126 454 166 AD
486 125 587 166 LIB.
617 127 735 167 XIII.
763 127 901 169 ANN.
929 126 978 167 C.
1005 127 1174 167 CORN,
1201 128 1402 168 TACiTl.
1456 160 1459 162 .
1546 94 1635 174 Δ471

85 227 332 273 mechanicae
366 227 525 284 legibus
565 237 658 271 sunt
697 244 891 271 consona.
965 228 1123 271 Contra
1163 229 1258 271 vero
1305 237 1403 273 octo
1445 228 1635 285 pluresve

84 303 280 349 scansiles
320 302 498 347 militum
533 311 784 346 armatorum
826 302 1018 357 ordines,
1042 303 1203 360 aliaque
1234 303 1273 345 id
1305 320 1448 359 genus,
1483 303 1633 346 fabulae

14 387 21 437 ἵι
83 388 322 439 sunnon&
353 393 451 422 cum
477 377 688 433 ingenioso
719 367 919 434 seriptore
948 393 1023 420 nos
1057 394 1222 436 quoque
1253 377 1361 421 ultro
1384 393 1432 420 ac
1461 377 1636 421 libenter

82 452 362 511 explodimus.

77 588 82 591 ⁸
145 520 446 572 Libratorihus
468 526 853 586 fimditon'busque.
929 527 994 571 Ita
1032 528 1171 571 MSS.
1214 529 1336 572 Harl.
1379 529 1504 571 Bodl.
1545 530 1636 573 Jes.

81 602 235 646 -Guelfi
271 602 471 648 editiones
511 610 666 644 veteres
704 601 876 659 aliaeque
901 603 1107 659 optimae.
1177 602 1270 646 Jac.
1311 603 1548 647 Gronovius
1585 619 1635 645 ex

11 695 13 699 ·
86 676 192 722 MS.
213 676 326 720 Flor.
345 676 484 730 edidit,
501 676 775 728 libritoribus,
798 687 843 719 ut
864 677 1016 720 Annal.
1037 692 1089 719 11.
1110 683 1180 720 ΩΟ.
1200 677 1418 721 libritores,
1482 677 1637 719 Libra-

85 759 204 806 tores,
224 743 307 795 non
326 752 547 804 libritores,
569 751 721 808 passim
743 751 782 793 in
804 752 993 794 omnibus
1010 752 1280 808 scriptoribus
1300 760 1593 794 memorantur.

145 826 260 870 Pari
273 826 454 884 undique
468 833 597 869 motu.
639 825 705 867 Ita
721 825 816 868 libri
833 842 976 869 omnes
991 827 1132 883 scripti
1149 835 1188 868 et
1205 827 1302 869 editi
1319 835 1412 869 ante
1428 826 1479 868 Li
1485 827 1636 883 psium,

86 900 159 960 qui
176 901 319 954 edidit,
339 909 472 952 metu,¹
503 900 709 957 eleganter
730 900 910 956 quidem.
971 902 1031 943 At
1049 901 1093 944 J.
1117 901 1356 944 Gronovius
1377 911 1418 944 et
1439 901 1638 945 Ernestus

85 975 239 1025 merito
256 991 492 1033 reposuere,
511 982 637 1018 motu.
677 975 775 1017 Siue
795 974 997 1018 librorum
1018 976 1262 1018 auctoritate
1282 992 1363 1018 non
1384 977 1638 1019 amandanda

89 1065 184 1104 vox,
204 1066 295 1108 quae
314 1050 413 1093 nihil
434 1058 595 1107 peccat.

146 1123 328 1168 Escensu
347 1125 615 1168 munimenta.
662 1124 801 1166 MSS.
818 1123 942 1166 Harl.
962 1124 1085 1167 Bodl.
1098 1125 1126 1169 J
1131 1141 1186 1168 es.
1200 1135 1241 1168 et
1256 1126 1454 1170 editiones
1471 1134 1639 1179 veteres,

89 1215 268 1248 ascensu.
328 1199 498 1257 Lipsius
532 1208 574 1242 et
613 1200 859 1241 recentiores
894 1215 1052 1252 omnes,
1085 1216 1255 1244 escensu.
1315 1201 1500 1258 Antiqua
1529 1200 1638 1243 enim

44 1288 46 1291 ·
74 1290 186 1329 vox,
203 1290 282 1319 nec
301 1274 452 1318 Tacito
473 1275 645 1318 insueta.
704 1274 811 1316 Vide
828 1290 953 1331 supra
973 1290 1065 1331 cap.
1087 1282 1128 1318 5.

147 1421 270 1467 CAP.
289 1428 361 1466 40.
394 1421 445 1469 Si
470 1421 715 1465 concessisset
744 1422 960 1464 obsidioni.
1021 1420 1086 1465 Ita
1119 1421 1374 1466 Puteolanus
1400 1431 1443 1466 et
1468 1423 1642 1466 recenti-

90 1513 183 1541 στω
204 1513 363 1541 omnes.
424 1496 475 1539 In
493 1497 598 1540 MS.
620 1497 726 1552 Reg.
743 1505 784 1539 et
804 1496 982 1539 editione
1003 1496 1207 1553 principe,
1221 1497 1257 1540 si
1272 1498 1543 1543 consensisset.

149 1572 270 1617 Dato
289 1572 369 1616 die.
430 1572 600 1615 Frustra
623 1580 752 1614 tentat
786 1571 984 1624 Pichem,
1010 1571 1122 1614 claro
1157 1571 1248 1623 die;
1284 1572 1442 1615 amicus
1477 1571 1643 1627 Ryckii,
1702 1563 1710 1568 ⁸

89 1654 188 1693 nato
206 1647 288 1691 die
325 1647 444 1697 Jam
465 1662 590 1703 supra
607 1646 758 1688 Annal.
782 1661 847 1688 iv.
869 1652 939 1689 40.
959 1646 1138 1704 datoque
1156 1653 1348 1704 tempore.

150 1722 309 1766 Mediis
343 1721 662 1765 decumanorum
703 1720 884 1764 delectis.
955 1721 1219 1764 Emendabat
1258 1721 1447 1775 Grotius,
1482 1721 1644 1764 delecti.

90 1797 241 1845 Latine
275 1795 457 1855 quidem.
519 1796 603 1838 Sed
641 1795 790 1839 Latine
825 1812 1005 1854 quoque,
1041 1795 1189 1839 medii·
1204 1795 1400 1848 ·delecti‚·
1443 1796 1636 1840 mediis·

89 1871 266 1917 delectis.
327 1870 477 1914 Potior
496 1870 596 1926 ergo
617 1870 763 1913 veteris
783 1858 996 1927 scripturae
1016 1870 1253 1913 auctoritas.

72 1987 77 1993 ,
103 1981 106 1983 Α
133 1946 322 1998 :Pedites
349 1945 661 2005 sagittariique.
722 1944 788 1988 Ita
824 1945 929 1988 MS.
962 1946 1070 2002 Reg.
1097 1953 1138 1988 et
1171 1945 1296 1988 editio
1326 1945 1532 2002 princeps.
1594 1945 1647 1990 In

93 2022 200 2066 MS.
233 2021 366 2064 Corb.
389 2020 514 2078 pedes
543 2012 850 2079 sagittciriique.
911 2020 1050 2064 MSS.
1083 2020 1206 2064 Harl.
1229 2020 1357 2063 Bodl.
1376 2021 1466 2064 JeS.
1489 2022 1647 2066 Puteo-

91 2096 208 2140 lanus
222 2105 265 2140 et
278 2095 543 2148 recentiores,
555 2095 691 2152 pedes,
705 2095 959 2153 sagittarius.
1007 2094 1217 2152 Copulam
1239 2096 1415 2138 addebat
1435 2095 1646 2140 Muretus.

151 2170 408 2227 ,Productior
442 2186 569 2214 cornu
599 2170 646 2213 in
677 2170 857 2213 sinistro.
920 2170 1058 2214 MSS.
1092 2169 1199 2226 Reg.
1231 2170 1343 2213 Flor.
1375 2180 1416 2213 et
1447 2171 1648 2216 editiones

91 2251 263 2300 homes,
277 2245 558 2304 productiore.
598 2245 703 2288 MS.
724 2246 829 2302 Agr.
842 2245 1113 2302 productiore
1134 2260 1273 2288 eorum
1291 2245 1474 2290 sinistro.
1506 2246 1646 2289 MSS.

94 2319 216 2364 Harl.
239 2320 367 2364 Bodl.
389 2317 534 2364 Guelf.
560 2320 783 2363 Rhenanus
803 2329 846 2363 et
865 2310 1128 2373 recentiores,
1140 2320 1401 2378 productior.
1433 2321 1539 2364 MS.
1557 2321 1647 2365 Jes.

71 2439 77 2448 ..
86 2394 331 2454 productor.
374 2395 637 2438 Emendabat
658 2394 842 2451 Lipsius,
858 2394 1126 2451 productiore
1146 2411 1344 2438 cornuum
1363 2395 1544 2438 sinistro.
1587 2396 1649 2438 At

87 2469 316 2528 elegantius
327 2470 490 2524 dicitur,
504 2469 758 2527 productior,
773 2469 957 2512 cornuin
969 2469 1155 2513 sinistro.-
1171 2482 1336 2527 nempe,
1353 2478 1485 2513 cetera
1501 2485 1649 2513 manus

56 2546 287 2605 equitum,
299 2545 548 2603 productior
577 2553 668 2588 erat
696 2545 742 2587 ‘in
763 2560 890 2587 cornu
913 2545 1078 2588 sinistro
1096 2560 1175 2602 per
1194 2546 1279 2588 ima
1311 2544 1505 2597 collium5
1535 2545 1648 2602 quod

39 2617 300 2680 equitibus
320 2620 500 2677 expedit.
1413 2630 1416 2633 ’
1604 2627 1607 2629 ’

152 2694 260 2739 Tum
297 2695 512 2738 minitans.
572 2694 638 2739 lta
675 2695 873 2739 editiones
913 2705 1081 2738 veteies.
1145 2694 1330 2750 Lipsius,
1377 2710 1479 2737 cum..
1547 2693 1649 2737 Tum

93 2772 212 2815 abest
229 2770 256 2813 ὲ
275 2770 380 2814 MS
400 2763 490 2814 Jes.

124 2937 140 2956 0
