1832 3230
240 131 320 172 506
355 144 363 153 Χ
645 119 810 205 No‘rAE
839 129 907 167 ET
935 125 1136 166 EMEND
1141 128 1379 168 AT10NEs

237 241 348 276 ratus
367 230 440 273 lib.
463 244 567 273 mx.
588 245 630 287 p.
650 231 749 281 649.
779 227 985 272 Armeniae
1016 234 1187 283 partem,
1218 228 1563 285 Sept'emtrionem
1592 230 1697 275 inter
1728 240 1771 276 et

238 306 510 350 Occidentem
531 304 707 360 positam
724 301 880 346 habuit.
938 301 1142 358 Tuncque
1161 301 1250 344 cusi
1277 302 1434 345 nummi
1463 305 1518 348 ab.
1537 298 1769 359 Ha‘tduiuo,
1799 332 1802 334 v

238 379 399 424 Selecta
423 378 578 436 Opera,
610 394 652 434 p.
676 378 775 421 636.
806 375 976 417 laudati.
1036 379 1236 420 ΕΤΟΥΣ
1265 382 1354 430 ΚΓ,
1386 377 1429 418 id
1459 386 1532 430 est,
1561 390 1671 423 anno
1697 374 1768 426 23.

239 452 581 510 Caput-Neronis
601 451 814 494 radiatum.
854 449 904 492 In
926 449 1085 505 postica
1104 458 1232 505 parte,
1252 456 1326 493 BA
1339 454 1377 494 Σ
1382 456 1433 493 ΙΛ
1444 455 1574 496 ΕΩΣ
1598 457 1769 496 ΠΟΛΕ-

200 511 207 520 .
238 531 475 574 ΜΩΝΟΣ,
515 535 638 582 caput
681 524 919 589 Polemonis·
959 524 1245 567 diadematum.
1318 525 1438 568 Alius
1477 534 1541 568 est
1569 527 1768 584 *ejusdem

239 601 482 646 Polemonis
506 615 697 642 nummus
723 615 819 642 cum
851 599 932 640 aera
962 603 1052 650 ΚΔ,
1082 597 1123 639 id
1159 606 1232 650 est,
1258 615 1364 641 anno
1383 596 1581 656 vigesimo‘
1609 609 1768 658 quarto.

240 675 396 719 Postea
418 674 596 718 Polemo
617 689 785 728 regnum
810 672 935 715 Ponti
966 671 1127 714 Neroni
1153 673 1368 725 concessit,
1388 682 1488 716 teste
1509 673 1708 717 Suetonio
1727 675 1769 717 in

239 751 345 794 Ner.
368 764 514 792 xv111.
575 746 835 791 occidentali
854 746 1059 789 Armeniae
1091 754 1214 802 parte·
1236 747 1344 789 aucti
1374 755 1468 796 sunt
1485 747 1767 800 Aristobulus,

237 826 310 884 qui
348 823 585 867 Armeniam
617 821 816 863 minorem
839 821 929 877 jam
969 821 1062 863 ante
1092 829 1320 876 acceperat,
1357 829 1403 864 ut
1441 821 1611 874 vidimus
1642 827 1770 879 supra

237 891 392 943 Annal.
430 911 544 940 x111.
571 902 612 942 7.
643 903 684 937 et
718 895 962 948 Antiochus,
995 910 1064 936 rex
1102 895 1412 950 Commagenes,
1445 897 1495 938 de
1525 911 1608 952 quo
1641 896 1770 939 multa

238 971 390 1016 Annal.
413 985 506 1013 xri.
527 976 596 1014 55.
642 983 756 1012 x111.
778 974 818 1015 7.
880 969 952 1011 Ob
987 968 1192 1011 Armeniae
1227 978 1385 1024 partem
1418 969 1614 1013 Antiochi
1642 983 1767 1026 regno

237 1046 432 1097 additam,
467 1043 757 1088 Armeniacam
787 1042 929 1084 tiaram
963 1042 1004 1083 in
1042 1043 1129 1098 ejus
1168 1042 1344 1085 nummis
1382 1042 1507 1086 fuisse
1533 1059 1779 1100 expressam,

238 1120 385 1163 merito
406 1121 592 1161 observat
614 1116 681 1160 Cl.
703 1112 896 1168 Pellerin,
919 1115 1093 1159 Reczceil
1109 1117 1158 1159 de
1175 1115 1394 1159 Medailles
1412 1116 1460 1159 de
1481 1116 1598 1170 Rois,
1613 1133 1656 1174 p.
1673 1119 1768 1174 126.

236 1195 265 1238 J
269 1211 335 1237 am
357 1194 577 1264 Sophenen
597 1191 832 1248 potiebatur
852 1191 1070 1242 Sohemus,
1086 1199 1132 1233 ut
1149 1190 1323 1234 vidimus
1338 1191 1487 1234 Annal.
1509 1206 1624 1235 xm.
1645 1197 1686 1239 7.

296 1268 352 1311 In
391 1267 556 1326 Syriam
586 1266 786 1309 abscessu.
849 1265 964 1306 Bene
1000 1263 1167 1320 Lipsius
1201 1272 1242 1306 et
1274 1265 1533 1320 1ecent'rores,
1566 1265 1768 1309 abscessit.

234 1344 287 1387 In
302 1343 441 1386 MSS.
461 1350 502 1384 et
519 1340 720 1384 veteribus
741 1338 998 1392 editionibus,
1018 1339 1195 1382 accessit

295 1482 415 1526 CAP.
447 1473 520 1529 27.
549 1480 838 1523 Juscolonz'ae.
897 1479 953 1522 A.
967 1478 1022 1522 U.
1041 1477 1092 1521 C.
1128 1481 1227 1523 560.
1260 1481 1331 1537 jus
1369 1479 1765 1524 coloniae.habuisse

235 1556 436 1600 Puteolos
469 1563 640 1598 testatur
671 1554 827 1605 Livius,
862 1568 1040 1596 xxxiv.
1061 1559 1132 1596 45.
1169 1553 1275 1595 Vide
1303 1562 1346 1596 et
1380 1553 1622 1610 Capacium‚
1653 1555 1766 1598 Hist-

236 1630 450 1687 Neapolit.
471 1645 513 1685 p.
536 1635 617 1675 715
646 1616 686 1670 et
717 1629 814 1675 716.
874 1627 935 1669 At
967 1627 1063 1669 cum
1093 1626 1263 1670 coloniae
1295 1627 1336 1669 in
1368 1627 1580 1684 municipii
1616 1635 1782 1674 statum.

232 1704 454 1762 aliquando
471 1702 760 1758 redigerentur,
782 1710 826 1744 ut
846 1700 1068 1757 accipimus
1088 1717 1137 1743 ex
1160 1700 1316 1754 Gellio,
1339 1716 1441 1743 XVI.
1468 1707 1532 1745 13.
1551 1701 1593 1744 id
1611 1702 1768 1759 experti

233 1767 420 1822 videntur
452 1777 631 1820 Puteoli.
668 1776 848 1819 .Iterum
876 1775 982 1818 enim
1003 1775 1208 1817 coloniam
1233 1774 1402 1818 deduxit
1419 1775 1645 1833 Augustus,
1675 1793 1765 1834 quae

231 1854 393 1898 colonia
411 1852 602 1910 Augusta
623 1850 828 1906 appellata
858 1859 932 1903 est,
963 1849 1147 1892 ‚Frontim
1167 1850 1216 1890 de
1236 1848 1422 1891 coloniis.
1483 1849 1669 1902 Novum,
1698 1859 1769 1893 aut

231 1929 340 1971 forte
374 1927 549 1983 amplius
584 1924 756 1967 coloniae
787 1926 858 1981 jus
897 1932 939 1966 et
972 1923 1290 1979 cognomentum
1329 1923 1354 1964 a
1394 1923 1564 1967 Nerone
1597 1926 1766 1968 demum

179 2022 190 2029 ‘
232 1999 536 2059 adipiscuntur3
567 1999 623 2041 ita
641 2007 686 2040 ut
706 1998 840 2054 primo
862 1997 1047 2050 Puteoli,
1079 1997 1238 2039 colonia
1261 1988 1527 2060 Dicfearclzia
1551 1997 1765 2055 dictissinss

234 2076 345 2120 Plin.
378 2090 454 2119 111.
490 2072 589 2117 sect.
618 2079 660 2121 9.
700 2073 843 2114 deinde
875 2071 1035 2114 colonia
1066 2072 1285 2129 Augusta5
1315 2087 1364 2114 ac
1393 2072 1582 2129 denique.
1606 2072 1766 2116 colonia

237 2150 494 2194 Neroniana.
556 2149 625 2190 Sic
664 2147 707 2188 in
745 2146 920 2190 nummis
969 2160 1032 2187 co
1049 2160 1088 2188 L.
1124 2159 1168 2188 Α.
1201 2158 1246 2187 Α.
1280 2159 1554 2189 PATRENs.
1588 2145 1765 2190 Colonia
1803 2150 1814 2154 ’ξ

222 2226 429 2283 *Augusta
451 2222 565 2267 Aroe
587 2220 817 2273 Patrensis,
836 2217 982 2276 postea
1001 2219 1111 2262 dicta
1130 2229 1192 2262 est
1212 2234 1236 2261 c
1250 2234 1277 2262 o
1292 2233 1332 2262 1..
1366 2234 1396 2263 N
1411 2234 1438 2262 E
1451 2234 1495 2262 R.
1528 2233 1662 2264 PATR
1676 2234 1703 2279 iz
1716 2236 1766 2264 N.

236 2298 412 2342 Colonia
454 2291 958 2339 Neroniana'Patrensis.
1020 2293 1181 2336 Inutilis
1218 2293 1316 2349 ergb
1352 2293 1488 2349 Pighii
1521 2295 1765 2348 emendatio,

233 2372 406 2426 Puteoli
425 2385 573 2413 novum
584 2370 661 2427 jus
681 2368 860 2411 coloniae.

295 2445 500 2489 Veterani.
558 2441 751 2486 Veterani
778 2441 851 2494 illi,
871 2457 997 2498 neque
1016 2440 1214 2499 conjugiis
1232 2441 1505 2497 suscipiendis,
1522 2457 1650 2500 neque
1669 2430 1767 2487 libe-

231 2521 289 2564 ris
304 2519 463 2563 alendis
481 2518 597 2569 sueti,
617 2516 765 2559 milites
784 2531 833 2557 ex
854 2515 978 2557 veteri
997 2531 1073 2557 usu
1093 2515 1260 2557 coelibes
1280 2515 1410 2557 adhuc
1430 2515 1553 2558 fuisse
1573 2514 1762 2573 probant.
1798 2567 1813 2574 ἱ

229 2595 288 2638 Iis
307 2594 487 2653 quidem,
507 2587 664 2647 aliquot
682 2591 775 2633 ante
802 2589 929 2653 annis,
960 2584 1172 2642 Claudius,
1204 2589 1349 2646 “‘quia
1367 2605 1416 2631 ex
1437 2588 1596 2644 legibus
1615 2607 1760 2634 uxores

228 2670 378 2712 habere
397 2683 481 2710 non
501 2672 703 2722 poterant,
723 2663 961 2706 maritorum
974 2664 1068 2721 jura
1087 2672 1342 2705 concesserat
1353 2662 1391 2716 ;''
1418 2666 1494 2713 τοῖς
1516 2682 1558 2706 τε
1577 2682 1761 2723 στςατευ-
1780 2717 1784 2720 ⁴

229 2742 379 2799 ομένοις,
410 2739 528 2791 ἐπειδή
558 2741 742 2797 γυναῖκας
771 2737 840 2782 ουίι
874 2737 1039 2780 ἐδύναντο
1071 2737 1111 2779 ἔκ
1139 2754 1187 2794 γε
1216 2738 1289 2780 τῶν
1315 2737 1435 2792 νόμων
1468 2737 1581 2795 ἔχειν,
1610 2741 1662 2780 τοὶ
1689 2742 1761 2781 τῶν

227 2816 504 2876 γεγαμηκότων
525 2813 764 2869 δικαιώματα
790 2812 915 2865 ἔδωκε,
948 2811 1050 2865 Dio,
1074 2825 1152 2856 Lx.
1174 2827 1216 2868 p.
1236 2812 1334 2855 681.
1374 2811 1540 2855 Primus
1572 2813 1760 2866 Severus,
