<?xml version="1.0" encoding="UTF-8"?>
<!DOCTYPE html PUBLIC "-//W3C//DTD XHTML 1.0 Transitional//EN"
    "http://www.w3.org/TR/xhtml1/DTD/xhtml1-transitional.dtd">
<html xmlns="http://www.w3.org/1999/xhtml" xml:lang="en" lang="en">
 <head>
  <title>
</title>
<meta http-equiv="Content-Type" content="text/html;charset=utf-8" />
  <meta name='ocr-system' content='tesseract 3.04.00' />
  <meta name='ocr-capabilities' content='ocr_page ocr_carea ocr_par ocr_line ocrx_word'/>
</head>
<body>
  <div class='ocr_page' id='page_1' title='image "./operarecognovite02taciuoft_0440.png"; bbox 0 0 1832 3230; ppageno 0'>
   <div class='ocr_carea' id='block_1_1' title="bbox 272 142 1419 186">
    <p class='ocr_par' dir='ltr' id='par_1_1' title="bbox 272 142 1419 186">
     <span class='ocr_line' id='line_1_1' title="bbox 272 142 1419 186; baseline 0.006 -6"><span class='ocrx_word' id='word_1_1' title='bbox 272 145 352 181; x_wconf 77' lang='lat'>432</span> <span class='ocrx_word' id='word_1_2' title='bbox 689 142 851 182; x_wconf 78' lang='lat' dir='ltr'>NO&#39;rAE</span> <span class='ocrx_word' id='word_1_3' title='bbox 881 143 950 182; x_wconf 81' lang='lat' dir='ltr'>ET</span> <span class='ocrx_word' id='word_1_4' title='bbox 977 142 1419 186; x_wconf 82' lang='lat' dir='ltr'>EMENDATIONES</span> 
     </span>
    </p>
   </div>
   <div class='ocr_carea' id='block_1_2' title="bbox 264 243 1813 966">
    <p class='ocr_par' dir='ltr' id='par_1_2' title="bbox 266 243 1813 525">
     <span class='ocr_line' id='line_1_2' title="bbox 273 243 1812 310; baseline 0.009 -24"><span class='ocrx_word' id='word_1_5' title='bbox 273 259 353 300; x_wconf 89' lang='lat' dir='ltr'>pro</span> <span class='ocrx_word' id='word_1_6' title='bbox 365 259 519 300; x_wconf 82' lang='lat' dir='ltr'>parum</span> <span class='ocrx_word' id='word_1_7' title='bbox 550 243 614 287; x_wconf 89' lang='lat' dir='ltr'>vel</span> <span class='ocrx_word' id='word_1_8' title='bbox 638 246 741 301; x_wconf 80' lang='lat' dir='ltr'>pari</span> <span class='ocrx_word' id='word_1_9' title='bbox 771 246 1002 289; x_wconf 87' lang='lat' dir='ltr'><strong>emendavit</strong></span> <span class='ocrx_word' id='word_1_10' title='bbox 1028 262 1183 290; x_wconf 82' lang='lat' dir='ltr'>rarum.</span> <span class='ocrx_word' id='word_1_11' title='bbox 1243 249 1387 292; x_wconf 86' lang='lat' dir='ltr'>Voluit</span> <span class='ocrx_word' id='word_1_12' title='bbox 1417 254 1812 310; x_wconf 52' lang='lat' dir='ltr'>quoque‘potentiae,</span> 
     </span>
     <span class='ocr_line' id='line_1_3' title="bbox 272 318 1813 380; baseline 0.008 -20"><span class='ocrx_word' id='word_1_13' title='bbox 272 318 396 376; x_wconf 88' lang='lat' dir='ltr'>idque</span> <span class='ocrx_word' id='word_1_14' title='bbox 416 319 606 361; x_wconf 87' lang='lat' dir='ltr'>omnibus</span> <span class='ocrx_word' id='word_1_15' title='bbox 624 322 859 375; x_wconf 88' lang='lat' dir='ltr'>probatum.</span> <span class='ocrx_word' id='word_1_16' title='bbox 902 320 937 362; x_wconf 92' lang='lat' dir='ltr'><strong>F</strong></span> <span class='ocrx_word' id='word_1_17' title='bbox 939 323 1026 364; x_wconf 66' lang='lat' dir='ltr'>orte</span> <span class='ocrx_word' id='word_1_18' title='bbox 1047 331 1183 365; x_wconf 88' lang='lat' dir='ltr'>tamen</span> <span class='ocrx_word' id='word_1_19' title='bbox 1203 323 1418 380; x_wconf 83' lang='lat' dir='ltr'><strong>scripserat</strong></span> <span class='ocrx_word' id='word_1_20' title='bbox 1435 325 1606 369; x_wconf 75' lang='lat' dir='ltr'>Tacitus</span> <span class='ocrx_word' id='word_1_21' title='bbox 1623 329 1813 373; x_wconf 69' lang='lat' dir='ltr'>societate</span> 
     </span>
     <span class='ocr_line' id='line_1_4' title="bbox 272 391 1811 458; baseline 0.006 -22"><span class='ocrx_word' id='word_1_22' title='bbox 272 401 311 436; x_wconf 80' lang='lat' dir='ltr'>ec</span> <span class='ocrx_word' id='word_1_23' title='bbox 332 391 545 449; x_wconf 67' lang='lat' dir='ltr'>potentict:</span> <span class='ocrx_word' id='word_1_24' title='bbox 575 409 666 436; x_wconf 86' lang='lat' dir='ltr'>rara</span> <span class='ocrx_word' id='word_1_25' title='bbox 686 393 793 436; x_wconf 89' lang='lat' dir='ltr'>enim</span> <span class='ocrx_word' id='word_1_26' title='bbox 825 393 867 436; x_wconf 91' lang='lat' dir='ltr'>in</span> <span class='ocrx_word' id='word_1_27' title='bbox 890 395 1066 452; x_wconf 72' lang='lat' dir='ltr'>utraque</span> <span class='ocrx_word' id='word_1_28' title='bbox 1086 397 1320 440; x_wconf 83' lang='lat' dir='ltr'>concordia.</span> <span class='ocrx_word' id='word_1_29' title='bbox 1379 398 1605 443; x_wconf 81' lang='lat' dir='ltr'>Infeliciter</span> <span class='ocrx_word' id='word_1_30' title='bbox 1629 399 1811 458; x_wconf 81' lang='lat' dir='ltr'>Lipsius,</span> 
     </span>
     <span class='ocr_line' id='line_1_5' title="bbox 266 466 1017 525; baseline 0.001 -16"><span class='ocrx_word' id='word_1_31' title='bbox 266 468 387 525; x_wconf 76' lang='lat' dir='ltr'>paris</span> <span class='ocrx_word' id='word_1_32' title='bbox 407 466 451 508; x_wconf 82' lang='lat' dir='ltr'>in</span> <span class='ocrx_word' id='word_1_33' title='bbox 471 466 662 509; x_wconf 78' lang='lat' dir='ltr'>societate</span> <span class='ocrx_word' id='word_1_34' title='bbox 673 468 885 524; x_wconf 66' lang='lat' dir='ltr'>potentiae.</span> <span class='ocrx_word' id='word_1_35' title='bbox 902 511 905 514; x_wconf 59' lang='grc'>,</span> <span class='ocrx_word' id='word_1_36' title='bbox 1010 511 1017 515; x_wconf 65' lang='grc'><strong>,</strong></span> 
     </span>
    </p>

    <p class='ocr_par' dir='ltr' id='par_1_3' title="bbox 264 539 1811 966">
     <span class='ocr_line' id='line_1_6' title="bbox 335 539 1811 608; baseline 0.008 -26"><span class='ocrx_word' id='word_1_37' title='bbox 335 539 539 583; x_wconf 78' lang='lat' dir='ltr'>Comitate</span> <span class='ocrx_word' id='word_1_38' title='bbox 567 540 748 583; x_wconf 68' lang='lat' dir='ltr'>honestet.</span> <span class='ocrx_word' id='word_1_39' title='bbox 805 542 865 583; x_wconf 91' lang='lat' dir='ltr'>Ut</span> <span class='ocrx_word' id='word_1_40' title='bbox 895 541 988 584; x_wconf 87' lang='lat' dir='ltr'>viris</span> <span class='ocrx_word' id='word_1_41' title='bbox 1018 543 1059 585; x_wconf 93' lang='lat' dir='ltr'>in</span> <span class='ocrx_word' id='word_1_42' title='bbox 1081 543 1250 587; x_wconf 66' lang='lat' dir='ltr'>Gallica</span> <span class='ocrx_word' id='word_1_43' title='bbox 1281 560 1324 589; x_wconf 88' lang='lat' dir='ltr'>re</span> <span class='ocrx_word' id='word_1_44' title='bbox 1344 545 1521 590; x_wconf 66' lang='lat' dir='ltr'>literaria</span> <span class='ocrx_word' id='word_1_45' title='bbox 1540 548 1722 603; x_wconf 76' lang='lat' dir='ltr'>summis,</span> <span class='ocrx_word' id='word_1_46' title='bbox 1741 550 1811 608; x_wconf 82' lang='lat' dir='ltr'>qui</span> 
     </span>
     <span class='ocr_line' id='line_1_7' title="bbox 270 614 1809 680; baseline 0.008 -25"><span class='ocrx_word' id='word_1_47' title='bbox 270 614 314 656; x_wconf 86' lang='lat' dir='ltr'>id</span> <span class='ocrx_word' id='word_1_48' title='bbox 351 630 488 670; x_wconf 81' lang='lat' dir='ltr'>operae</span> <span class='ocrx_word' id='word_1_49' title='bbox 520 614 808 667; x_wconf 84' lang='lat' dir='ltr'>desideravere,</span> <span class='ocrx_word' id='word_1_50' title='bbox 847 631 1007 658; x_wconf 88' lang='lat' dir='ltr'>morem</span> <span class='ocrx_word' id='word_1_51' title='bbox 1043 632 1238 672; x_wconf 85' lang='lat' dir='ltr'>gererem,</span> <span class='ocrx_word' id='word_1_52' title='bbox 1275 627 1316 662; x_wconf 89' lang='lat' dir='ltr'>et</span> <span class='ocrx_word' id='word_1_53' title='bbox 1348 621 1477 663; x_wconf 83' lang='lat' dir='ltr'>Corn.</span> <span class='ocrx_word' id='word_1_54' title='bbox 1504 620 1654 676; x_wconf 85' lang='lat' dir='ltr'><strong>Taciti,</strong></span> <span class='ocrx_word' id='word_1_55' title='bbox 1686 638 1809 680; x_wconf 88' lang='lat' dir='ltr'>quem</span> 
     </span>
     <span class='ocr_line' id='line_1_8' title="bbox 264 684 1810 755; baseline 0.006 -25"><span class='ocrx_word' id='word_1_56' title='bbox 264 684 496 731; x_wconf 71' lang='lat' dir='ltr'>&#39;maximum</span> <span class='ocrx_word' id='word_1_57' title='bbox 513 689 775 746; x_wconf 75' lang='lat' dir='ltr'><em>antiquitatis</em></span> <span class='ocrx_word' id='word_1_58' title='bbox 788 690 991 745; x_wconf 78' lang='lat' dir='ltr'>pictorem</span> <span class='ocrx_word' id='word_1_59' title='bbox 1011 691 1265 746; x_wconf 87' lang='lat' dir='ltr'>appellitant,</span> <span class='ocrx_word' id='word_1_60' title='bbox 1285 694 1436 736; x_wconf 88' lang='lat' dir='ltr'>famam</span> <span class='ocrx_word' id='word_1_61' title='bbox 1454 693 1600 738; x_wconf 80' lang='lat' dir='ltr'>illustri</span> <span class='ocrx_word' id='word_1_62' title='bbox 1617 696 1810 755; x_wconf 82' lang='lat' dir='ltr'>exemplo</span> 
     </span>
     <span class='ocr_line' id='line_1_9' title="bbox 273 761 1811 827; baseline 0.006 -22"><span class='ocrx_word' id='word_1_63' title='bbox 273 778 570 815; x_wconf 84' lang='lat' dir='ltr'>consecrarem,</span> <span class='ocrx_word' id='word_1_64' title='bbox 602 761 626 805; x_wconf 69' lang='lat' dir='ltr'>a</span> <span class='ocrx_word' id='word_1_65' title='bbox 659 763 839 818; x_wconf 86' lang='lat' dir='ltr'>suscepti</span> <span class='ocrx_word' id='word_1_66' title='bbox 859 763 994 819; x_wconf 88' lang='lat' dir='ltr'>operis</span> <span class='ocrx_word' id='word_1_67' title='bbox 1022 764 1209 807; x_wconf 88' lang='lat' dir='ltr'>instituto</span> <span class='ocrx_word' id='word_1_68' title='bbox 1228 766 1334 808; x_wconf 85' lang='lat' dir='ltr'>haud</span> <span class='ocrx_word' id='word_1_69' title='bbox 1356 766 1650 827; x_wconf 4' lang='lat' dir='ltr'>alienumpduxi</span> <span class='ocrx_word' id='word_1_70' title='bbox 1677 785 1811 826; x_wconf 75' lang='lat' dir='ltr'>pauca</span> 
     </span>
     <span class='ocr_line' id='line_1_10' title="bbox 271 835 1811 899; baseline 0.007 -22"><span class='ocrx_word' id='word_1_71' title='bbox 271 835 338 878; x_wconf 77' lang='lat' dir='ltr'>hic</span> <span class='ocrx_word' id='word_1_72' title='bbox 369 836 564 879; x_wconf 88' lang='lat' dir='ltr'>disserere</span> <span class='ocrx_word' id='word_1_73' title='bbox 591 838 641 880; x_wconf 89' lang='lat' dir='ltr'>de</span> <span class='ocrx_word' id='word_1_74' title='bbox 675 836 886 880; x_wconf 77' lang='lat' dir='ltr'>clarissimi</span> <span class='ocrx_word' id='word_1_75' title='bbox 918 837 1080 881; x_wconf 79' lang='lat' dir='ltr'>Racine</span> <span class='ocrx_word' id='word_1_76' title='bbox 1115 840 1329 895; x_wconf 56' lang='lat' dir='ltr'>tragoedia,</span> <span class='ocrx_word' id='word_1_77' title='bbox 1360 857 1482 899; x_wconf 85' lang='lat' dir='ltr'>quam</span> <span class='ocrx_word' id='word_1_78' title='bbox 1513 841 1811 888; x_wconf 78' lang='lat' dir='ltr'>Britannicum</span> 
     </span>
     <span class='ocr_line' id='line_1_11' title="bbox 271 920 1714 966; baseline 0.007 -15"><span class='ocrx_word' id='word_1_79' title='bbox 271 920 490 966; x_wconf 66' lang='lat' dir='ltr'>inscripsn.</span> <span class='ocrx_word' id='word_1_80' title='bbox 1706 927 1714 930; x_wconf 82' lang='grc'><em>“</em></span> 
     </span>
    </p>
   </div>
   <div class='ocr_carea' id='block_1_3' title="bbox 275 1325 1803 1392">
    <p class='ocr_par' dir='ltr' id='par_1_4' title="bbox 275 1325 1803 1392">
     <span class='ocr_line' id='line_1_12' title="bbox 275 1325 1803 1392; baseline 0.004 -12"><span class='ocrx_word' id='word_1_81' title='bbox 275 1326 373 1381; x_wconf 78' lang='grc' dir='ltr'>ΒΕ</span> <span class='ocrx_word' id='word_1_82' title='bbox 405 1325 933 1392; x_wconf 84' lang='lat' dir='ltr'>BRITANNICO,</span> <span class='ocrx_word' id='word_1_83' title='bbox 955 1327 1312 1383; x_wconf 74' lang='lat' dir='ltr'><strong>TRAGOEDIA</strong></span> <span class='ocrx_word' id='word_1_84' title='bbox 1346 1327 1450 1385; x_wconf 72' lang='lat' dir='ltr'>Cr„</span> <span class='ocrx_word' id='word_1_85' title='bbox 1474 1329 1803 1388; x_wconf 84' lang='lat' dir='ltr'><strong>RACINE.</strong></span> 
     </span>
    </p>
   </div>
   <div class='ocr_carea' id='block_1_4' title="bbox 258 1587 1810 2908">
    <p class='ocr_par' dir='ltr' id='par_1_5' title="bbox 264 1587 1810 2313">
     <span class='ocr_line' id='line_1_13' title="bbox 327 1587 1804 1648; baseline 0.003 -17"><span class='ocrx_word' id='word_1_86' title='bbox 327 1589 394 1631; x_wconf 89' lang='lat' dir='ltr'>Ea</span> <span class='ocrx_word' id='word_1_87' title='bbox 426 1589 503 1631; x_wconf 88' lang='lat' dir='ltr'>fuit</span> <span class='ocrx_word' id='word_1_88' title='bbox 535 1605 697 1646; x_wconf 85' lang='lat' dir='ltr'>semper</span> <span class='ocrx_word' id='word_1_89' title='bbox 717 1590 968 1645; x_wconf 88' lang='lat' dir='ltr'>optimorum</span> <span class='ocrx_word' id='word_1_90' title='bbox 986 1590 1257 1647; x_wconf 63' lang='lat' dir='ltr'>&gt;Scriptorum</span> <span class='ocrx_word' id='word_1_91' title='bbox 1280 1590 1459 1633; x_wconf 82' lang='lat' dir='ltr'>maxima</span> <span class='ocrx_word' id='word_1_92' title='bbox 1487 1587 1592 1644; x_wconf 86' lang='lat' dir='ltr'>laus,</span> <span class='ocrx_word' id='word_1_93' title='bbox 1617 1599 1664 1634; x_wconf 84' lang='lat' dir='ltr'>ut</span> <span class='ocrx_word' id='word_1_94' title='bbox 1693 1593 1804 1648; x_wconf 78' lang='lat' dir='ltr'>apud</span> 
     </span>
     <span class='ocr_line' id='line_1_14' title="bbox 268 1662 1808 1720; baseline 0.003 -15"><span class='ocrx_word' id='word_1_95' title='bbox 268 1671 457 1720; x_wconf 85' lang='lat' dir='ltr'>posteros</span> <span class='ocrx_word' id='word_1_96' title='bbox 494 1662 599 1705; x_wconf 89' lang='lat' dir='ltr'>irent</span> <span class='ocrx_word' id='word_1_97' title='bbox 636 1664 678 1706; x_wconf 93' lang='lat' dir='ltr'>in</span> <span class='ocrx_word' id='word_1_98' title='bbox 716 1664 919 1720; x_wconf 85' lang='lat' dir='ltr'>exempla,</span> <span class='ocrx_word' id='word_1_99' title='bbox 958 1673 1012 1717; x_wconf 89' lang='lat' dir='ltr'>et,</span> <span class='ocrx_word' id='word_1_100' title='bbox 1059 1664 1318 1707; x_wconf 87' lang='lat' dir='ltr'>circumactis</span> <span class='ocrx_word' id='word_1_101' title='bbox 1356 1665 1425 1708; x_wconf 83' lang='lat' dir='ltr'>diu</span> <span class='ocrx_word' id='word_1_102' title='bbox 1463 1664 1667 1718; x_wconf 73' lang='lat' dir='ltr'>aetatib‘us,</span> <span class='ocrx_word' id='word_1_103' title='bbox 1700 1665 1808 1711; x_wconf 80' lang='lat' dir='ltr'>inter</span> 
     </span>
     <span class='ocr_line' id='line_1_15' title="bbox 267 1737 1807 1794; baseline 0.002 -14"><span class='ocrx_word' id='word_1_104' title='bbox 267 1746 422 1794; x_wconf 87' lang='lat' dir='ltr'>gentes,</span> <span class='ocrx_word' id='word_1_105' title='bbox 443 1737 626 1780; x_wconf 85' lang='lat' dir='ltr'>moribus</span> <span class='ocrx_word' id='word_1_106' title='bbox 645 1746 685 1780; x_wconf 90' lang='lat' dir='ltr'>et</span> <span class='ocrx_word' id='word_1_107' title='bbox 704 1737 867 1794; x_wconf 89' lang='lat' dir='ltr'>eloquio</span> <span class='ocrx_word' id='word_1_108' title='bbox 892 1738 1118 1792; x_wconf 84' lang='lat' dir='ltr'>dissimiles,</span> <span class='ocrx_word' id='word_1_109' title='bbox 1145 1739 1302 1781; x_wconf 89' lang='lat' dir='ltr'>animos</span> <span class='ocrx_word' id='word_1_110' title='bbox 1331 1739 1393 1781; x_wconf 90' lang='lat' dir='ltr'>sui</span> <span class='ocrx_word' id='word_1_111' title='bbox 1424 1738 1653 1783; x_wconf 74' lang='lat' dir='ltr'>simillimos</span> <span class='ocrx_word' id='word_1_112' title='bbox 1683 1740 1807 1784; x_wconf 86' lang='lat' dir='ltr'>effor-</span> 
     </span>
     <span class='ocr_line' id='line_1_16' title="bbox 267 1811 1806 1871; baseline 0.001 -17"><span class='ocrx_word' id='word_1_113' title='bbox 267 1821 439 1863; x_wconf 87' lang='lat' dir='ltr'>marent,</span> <span class='ocrx_word' id='word_1_114' title='bbox 471 1811 720 1868; x_wconf 83' lang='lat' dir='ltr'>dubiamque</span> <span class='ocrx_word' id='word_1_115' title='bbox 754 1812 901 1868; x_wconf 85' lang='lat' dir='ltr'>ingenii</span> <span class='ocrx_word' id='word_1_116' title='bbox 931 1812 1109 1855; x_wconf 83' lang='lat' dir='ltr'>lauream</span> <span class='ocrx_word' id='word_1_117' title='bbox 1142 1814 1334 1856; x_wconf 85' lang='lat' dir='ltr'>facerent.</span> <span class='ocrx_word' id='word_1_118' title='bbox 1395 1813 1493 1856; x_wconf 60' lang='lat' dir='ltr'>Hac</span> <span class='ocrx_word' id='word_1_119' title='bbox 1526 1813 1660 1869; x_wconf 54' lang='lat' dir='ltr'>glori&amp;</span> <span class='ocrx_word' id='word_1_120' title='bbox 1693 1814 1806 1871; x_wconf 84' lang='lat' dir='ltr'>apud</span> 
     </span>
     <span class='ocr_line' id='line_1_17' title="bbox 266 1885 1807 1943; baseline 0.002 -15"><span class='ocrx_word' id='word_1_121' title='bbox 266 1885 481 1929; x_wconf 81' lang='lat' dir='ltr'>Romanos</span> <span class='ocrx_word' id='word_1_122' title='bbox 516 1885 658 1927; x_wconf 83' lang='lat' dir='ltr'>enituit</span> <span class='ocrx_word' id='word_1_123' title='bbox 694 1886 922 1939; x_wconf 83' lang='lat' dir='ltr'>Homerus,</span> <span class='ocrx_word' id='word_1_124' title='bbox 958 1887 1053 1928; x_wconf 70' lang='lat' dir='ltr'>cum</span> <span class='ocrx_word' id='word_1_125' title='bbox 1088 1887 1191 1929; x_wconf 86' lang='lat' dir='ltr'>altos</span> <span class='ocrx_word' id='word_1_126' title='bbox 1223 1886 1384 1942; x_wconf 87' lang='lat' dir='ltr'>Virgilii</span> <span class='ocrx_word' id='word_1_127' title='bbox 1421 1887 1586 1943; x_wconf 72' lang='lat' dir='ltr'>spiritus</span> <span class='ocrx_word' id='word_1_128' title='bbox 1626 1887 1807 1931; x_wconf 71' lang='lat' dir='ltr'>exsusci-</span> 
     </span>
     <span class='ocr_line' id='line_1_18' title="bbox 266 1959 1806 2018; baseline 0.002 -17"><span class='ocrx_word' id='word_1_129' title='bbox 266 1961 409 2002; x_wconf 73' lang='lat' dir='ltr'>tasset.</span> <span class='ocrx_word' id='word_1_130' title='bbox 469 1959 570 2003; x_wconf 70' lang='lat' dir='ltr'>Hac</span> <span class='ocrx_word' id='word_1_131' title='bbox 589 1959 778 2009; x_wconf 79' lang='lat' dir='ltr'>inclaruit</span> <span class='ocrx_word' id='word_1_132' title='bbox 798 1962 908 2016; x_wconf 89' lang='lat' dir='ltr'>apud</span> <span class='ocrx_word' id='word_1_133' title='bbox 939 1976 1014 2003; x_wconf 87' lang='lat' dir='ltr'>nos</span> <span class='ocrx_word' id='word_1_134' title='bbox 1043 1961 1228 2013; x_wconf 81' lang='lat' dir='ltr'>Tacitus,</span> <span class='ocrx_word' id='word_1_135' title='bbox 1259 1962 1355 2003; x_wconf 74' lang='lat' dir='ltr'>cum</span> <span class='ocrx_word' id='word_1_136' title='bbox 1383 1962 1486 2004; x_wconf 88' lang='lat' dir='ltr'>duos</span> <span class='ocrx_word' id='word_1_137' title='bbox 1511 1969 1670 2018; x_wconf 74' lang='lat' dir='ltr'>poetas,</span> <span class='ocrx_word' id='word_1_138' title='bbox 1701 1976 1806 2018; x_wconf 84' lang='lat' dir='ltr'>quos</span> 
     </span>
     <span class='ocr_line' id='line_1_19' title="bbox 266 2034 1806 2090; baseline 0.002 -14"><span class='ocrx_word' id='word_1_139' title='bbox 266 2034 309 2076; x_wconf 88' lang='lat' dir='ltr'>in</span> <span class='ocrx_word' id='word_1_140' title='bbox 342 2042 427 2076; x_wconf 84' lang='lat' dir='ltr'>arte</span> <span class='ocrx_word' id='word_1_141' title='bbox 459 2034 532 2075; x_wconf 70' lang='lat' dir='ltr'>suss</span> <span class='ocrx_word' id='word_1_142' title='bbox 567 2049 751 2075; x_wconf 89' lang='lat' dir='ltr'>summos</span> <span class='ocrx_word' id='word_1_143' title='bbox 787 2034 1044 2090; x_wconf 88' lang='lat' dir='ltr'>suspicimus,</span> <span class='ocrx_word' id='word_1_144' title='bbox 1082 2035 1255 2077; x_wconf 88' lang='lat' dir='ltr'>Petrum</span> <span class='ocrx_word' id='word_1_145' title='bbox 1288 2034 1496 2078; x_wconf 76' lang='lat' dir='ltr'>Corneille</span> <span class='ocrx_word' id='word_1_146' title='bbox 1529 2040 1572 2079; x_wconf 82' lang='lat' dir='ltr'>et</span> <span class='ocrx_word' id='word_1_147' title='bbox 1598 2035 1806 2079; x_wconf 68' lang='lat' dir='ltr'>Jommem</span> 
     </span>
     <span class='ocr_line' id='line_1_20' title="bbox 267 2107 1810 2167; baseline 0.001 -17"><span class='ocrx_word' id='word_1_148' title='bbox 267 2107 443 2160; x_wconf 80' lang='lat' dir='ltr'>Racine,</span> <span class='ocrx_word' id='word_1_149' title='bbox 479 2107 718 2163; x_wconf 85' lang='lat' dir='ltr'>Principum</span> <span class='ocrx_word' id='word_1_150' title='bbox 750 2109 1033 2151; x_wconf 85' lang='lat' dir='ltr'>Romanorum</span> <span class='ocrx_word' id='word_1_151' title='bbox 1074 2125 1220 2151; x_wconf 87' lang='lat' dir='ltr'>arcana</span> <span class='ocrx_word' id='word_1_152' title='bbox 1258 2121 1485 2167; x_wconf 84' lang='lat' dir='ltr'>eorumque</span> <span class='ocrx_word' id='word_1_153' title='bbox 1517 2109 1810 2153; x_wconf 72' lang='lat' dir='ltr'>dominationis·</span> 
     </span>
     <span class='ocr_line' id='line_1_21' title="bbox 264 2171 1803 2241; baseline 0.003 -18"><span class='ocrx_word' id='word_1_154' title='bbox 264 2181 529 2224; x_wconf 79' lang='lat' dir='ltr'>instrumenta</span> <span class='ocrx_word' id='word_1_155' title='bbox 558 2182 615 2224; x_wconf 89' lang='lat' dir='ltr'>ita</span> <span class='ocrx_word' id='word_1_156' title='bbox 645 2182 863 2236; x_wconf 85' lang='lat' dir='ltr'>docuisset,</span> <span class='ocrx_word' id='word_1_157' title='bbox 894 2171 954 2237; x_wconf 79' lang='lat' dir='ltr'>ut,</span> <span class='ocrx_word' id='word_1_158' title='bbox 985 2199 1034 2225; x_wconf 91' lang='lat' dir='ltr'>eo</span> <span class='ocrx_word' id='word_1_159' title='bbox 1063 2185 1167 2226; x_wconf 85' lang='lat' dir='ltr'>duce</span> <span class='ocrx_word' id='word_1_160' title='bbox 1187 2192 1228 2226; x_wconf 91' lang='lat' dir='ltr'>et</span> <span class='ocrx_word' id='word_1_161' title='bbox 1257 2184 1440 2241; x_wconf 82' lang='lat' dir='ltr'>auspice,</span> <span class='ocrx_word' id='word_1_162' title='bbox 1465 2184 1508 2226; x_wconf 87' lang='lat' dir='ltr'>in</span> <span class='ocrx_word' id='word_1_163' title='bbox 1539 2184 1600 2227; x_wconf 82' lang='lat' dir='ltr'>rei</span> <span class='ocrx_word' id='word_1_164' title='bbox 1626 2183 1803 2241; x_wconf 71' lang='lat' dir='ltr'>polificae</span> 
     </span>
     <span class='ocr_line' id='line_1_22' title="bbox 264 2258 1370 2313; baseline 0.002 -15"><span class='ocrx_word' id='word_1_165' title='bbox 264 2264 536 2312; x_wconf 86' lang='lat' dir='ltr'>praeceptores</span> <span class='ocrx_word' id='word_1_166' title='bbox 556 2272 779 2313; x_wconf 84' lang='lat' dir='ltr'>regumque</span> <span class='ocrx_word' id='word_1_167' title='bbox 798 2258 986 2299; x_wconf 85' lang='lat' dir='ltr'>doctores</span> <span class='ocrx_word' id='word_1_168' title='bbox 1002 2258 1139 2300; x_wconf 83' lang='lat' dir='ltr'>statim</span> <span class='ocrx_word' id='word_1_169' title='bbox 1160 2258 1370 2300; x_wconf 86' lang='lat' dir='ltr'>evaserint.</span> 
     </span>
    </p>

    <p class='ocr_par' dir='ltr' id='par_1_6' title="bbox 262 2329 1805 2535">
     <span class='ocr_line' id='line_1_23' title="bbox 323 2329 1805 2388; baseline 0.001 -16"><span class='ocrx_word' id='word_1_170' title='bbox 323 2330 393 2372; x_wconf 90' lang='lat' dir='ltr'>De</span> <span class='ocrx_word' id='word_1_171' title='bbox 418 2329 591 2384; x_wconf 72' lang='lat' dir='ltr'>Othone,</span> <span class='ocrx_word' id='word_1_172' title='bbox 618 2332 738 2388; x_wconf 86' lang='lat' dir='ltr'>cujus</span> <span class='ocrx_word' id='word_1_173' title='bbox 755 2346 905 2373; x_wconf 90' lang='lat' dir='ltr'>nomen</span> <span class='ocrx_word' id='word_1_174' title='bbox 934 2331 1162 2374; x_wconf 56' lang='lat' dir='ltr'>illustravit,</span> <span class='ocrx_word' id='word_1_175' title='bbox 1181 2332 1329 2375; x_wconf 83' lang='lat' dir='ltr'>Petrus</span> <span class='ocrx_word' id='word_1_176' title='bbox 1353 2331 1572 2385; x_wconf 67' lang='lat' dir='ltr'>Corneible,</span> <span class='ocrx_word' id='word_1_177' title='bbox 1598 2331 1735 2375; x_wconf 79' lang='lat' dir='ltr'>dicam</span> <span class='ocrx_word' id='word_1_178' title='bbox 1761 2330 1805 2373; x_wconf 86' lang='lat' dir='ltr'>in</span> 
     </span>
     <span class='ocr_line' id='line_1_24' title="bbox 262 2405 1801 2463; baseline 0.003 -17"><span class='ocrx_word' id='word_1_179' title='bbox 262 2412 348 2447; x_wconf 80' lang='lat' dir='ltr'>not.</span> <span class='ocrx_word' id='word_1_180' title='bbox 369 2412 411 2446; x_wconf 86' lang='lat' dir='ltr'>et</span> <span class='ocrx_word' id='word_1_181' title='bbox 429 2407 587 2447; x_wconf 90' lang='lat' dir='ltr'>emend.</span> <span class='ocrx_word' id='word_1_182' title='bbox 609 2407 661 2447; x_wconf 85' lang='lat' dir='ltr'>ad</span> <span class='ocrx_word' id='word_1_183' title='bbox 688 2405 802 2448; x_wconf 86' lang='lat' dir='ltr'>Hist.</span> <span class='ocrx_word' id='word_1_184' title='bbox 825 2420 856 2447; x_wconf 80' lang='grc' dir='ltr'>Ι.</span> <span class='ocrx_word' id='word_1_185' title='bbox 878 2411 946 2449; x_wconf 76' lang='lat'>22.</span> <span class='ocrx_word' id='word_1_186' title='bbox 981 2408 1076 2450; x_wconf 73' lang='lat' dir='ltr'>cum</span> <span class='ocrx_word' id='word_1_187' title='bbox 1107 2406 1362 2463; x_wconf 84' lang='lat' dir='ltr'>splendidam</span> <span class='ocrx_word' id='word_1_188' title='bbox 1388 2405 1496 2454; x_wconf 85' lang='lat' dir='ltr'>hanc</span> <span class='ocrx_word' id='word_1_189' title='bbox 1514 2405 1801 2453; x_wconf 75' lang='lat' dir='ltr'>Historiarum</span> 
     </span>
     <span class='ocr_line' id='line_1_25' title="bbox 262 2478 1395 2535; baseline 0.004 -16"><span class='ocrx_word' id='word_1_190' title='bbox 262 2487 421 2534; x_wconf 87' lang='lat' dir='ltr'>partem</span> <span class='ocrx_word' id='word_1_191' title='bbox 441 2478 688 2535; x_wconf 78' lang='lat' dir='ltr'>explanabo,</span> <span class='ocrx_word' id='word_1_192' title='bbox 1390 2525 1395 2527; x_wconf 63' lang='grc'><strong>,</strong></span> 
     </span>
    </p>

    <p class='ocr_par' dir='ltr' id='par_1_7' title="bbox 258 2551 1803 2908">
     <span class='ocr_line' id='line_1_26' title="bbox 283 2551 1800 2611; baseline 0.004 -18"><span class='ocrx_word' id='word_1_193' title='bbox 283 2608 287 2611; x_wconf 90' lang='lat'>.</span> <span class='ocrx_word' id='word_1_194' title='bbox 321 2551 619 2596; x_wconf 77' lang='lat' dir='ltr'>Britannicum</span> <span class='ocrx_word' id='word_1_195' title='bbox 639 2554 737 2595; x_wconf 73' lang='lat' dir='ltr'>vero</span> <span class='ocrx_word' id='word_1_196' title='bbox 758 2553 834 2595; x_wconf 85' lang='lat' dir='ltr'>sibi</span> <span class='ocrx_word' id='word_1_197' title='bbox 854 2554 1037 2610; x_wconf 88' lang='lat' dir='ltr'>seposuit</span> <span class='ocrx_word' id='word_1_198' title='bbox 1064 2554 1093 2598; x_wconf 85' lang='lat' dir='ltr'>J</span> <span class='ocrx_word' id='word_1_199' title='bbox 1098 2570 1246 2597; x_wconf 87' lang='lat' dir='ltr'>oannes</span> <span class='ocrx_word' id='word_1_200' title='bbox 1269 2552 1450 2606; x_wconf 77' lang='lat' dir='ltr'>Racine,</span> <span class='ocrx_word' id='word_1_201' title='bbox 1467 2561 1515 2596; x_wconf 84' lang='lat' dir='ltr'>ut</span> <span class='ocrx_word' id='word_1_202' title='bbox 1543 2553 1800 2611; x_wconf 80' lang='lat' dir='ltr'>pullulantia,</span> 
     </span>
     <span class='ocr_line' id='line_1_27' title="bbox 260 2627 1803 2685; baseline 0.003 -18"><span class='ocrx_word' id='word_1_203' title='bbox 260 2627 442 2668; x_wconf 88' lang='lat' dir='ltr'>nondum</span> <span class='ocrx_word' id='word_1_204' title='bbox 463 2634 599 2669; x_wconf 84' lang='lat' dir='ltr'>autem</span> <span class='ocrx_word' id='word_1_205' title='bbox 620 2627 773 2680; x_wconf 77' lang='lat' dir='ltr'>adulta,</span> <span class='ocrx_word' id='word_1_206' title='bbox 793 2630 902 2685; x_wconf 88' lang='lat' dir='ltr'>quod</span> <span class='ocrx_word' id='word_1_207' title='bbox 923 2629 1111 2671; x_wconf 88' lang='lat' dir='ltr'>odiosum</span> <span class='ocrx_word' id='word_1_208' title='bbox 1127 2629 1270 2671; x_wconf 86' lang='lat' dir='ltr'>fuisset</span> <span class='ocrx_word' id='word_1_209' title='bbox 1289 2637 1330 2671; x_wconf 89' lang='lat' dir='ltr'>et</span> <span class='ocrx_word' id='word_1_210' title='bbox 1349 2627 1601 2681; x_wconf 82' lang='lat' dir='ltr'>incredibile,</span> <span class='ocrx_word' id='word_1_211' title='bbox 1621 2628 1803 2672; x_wconf 78' lang='lat' dir='ltr'>Neronis</span> 
     </span>
     <span class='ocr_line' id='line_1_28' title="bbox 260 2700 1803 2759; baseline 0.001 -16"><span class='ocrx_word' id='word_1_212' title='bbox 260 2700 413 2748; x_wconf 85' lang='lat' dir='ltr'>scelera</span> <span class='ocrx_word' id='word_1_213' title='bbox 431 2701 656 2743; x_wconf 84' lang='lat' dir='ltr'>infamaret.</span> <span class='ocrx_word' id='word_1_214' title='bbox 718 2701 876 2744; x_wconf 86' lang='lat' dir='ltr'>Nobile</span> <span class='ocrx_word' id='word_1_215' title='bbox 897 2711 1196 2758; x_wconf 82' lang='lat' dir='ltr'>argumentum,</span> <span class='ocrx_word' id='word_1_216' title='bbox 1223 2711 1358 2759; x_wconf 85' lang='lat' dir='ltr'>poetae</span> <span class='ocrx_word' id='word_1_217' title='bbox 1377 2709 1463 2744; x_wconf 80' lang='lat' dir='ltr'>arte</span> <span class='ocrx_word' id='word_1_218' title='bbox 1481 2701 1803 2757; x_wconf 69' lang='lat' dir='ltr'>nobilissimum3</span> 
     </span>
     <span class='ocr_line' id='line_1_29' title="bbox 258 2773 1802 2834; baseline 0.002 -19"><span class='ocrx_word' id='word_1_219' title='bbox 258 2773 532 2830; x_wconf 85' lang='lat' dir='ltr'>plurimorum</span> <span class='ocrx_word' id='word_1_220' title='bbox 559 2775 724 2833; x_wconf 88' lang='lat' dir='ltr'>quidem</span> <span class='ocrx_word' id='word_1_221' title='bbox 744 2791 926 2820; x_wconf 81' lang='lat' dir='ltr'>censurae</span> <span class='ocrx_word' id='word_1_222' title='bbox 956 2777 1094 2833; x_wconf 71' lang='lat' dir='ltr'>primo</span> <span class='ocrx_word' id='word_1_223' title='bbox 1115 2776 1359 2828; x_wconf 72' lang='lat' dir='ltr'>obnoxium,</span> <span class='ocrx_word' id='word_1_224' title='bbox 1388 2775 1502 2834; x_wconf 60' lang='lat' dir='ltr'>quod</span> <span class='ocrx_word' id='word_1_225' title='bbox 1530 2786 1595 2819; x_wconf 73' lang='lat' dir='ltr'>ars</span> <span class='ocrx_word' id='word_1_226' title='bbox 1625 2775 1802 2833; x_wconf 60' lang='lat' dir='ltr'>exquiii‘-</span> 
     </span>
     <span class='ocr_line' id='line_1_30' title="bbox 258 2846 1801 2908; baseline 0.003 -19"><span class='ocrx_word' id='word_1_227' title='bbox 258 2846 339 2890; x_wconf 79' lang='lat' dir='ltr'>tior</span> <span class='ocrx_word' id='word_1_228' title='bbox 369 2849 488 2903; x_wconf 88' lang='lat' dir='ltr'>foret,</span> <span class='ocrx_word' id='word_1_229' title='bbox 522 2850 706 2893; x_wconf 89' lang='lat' dir='ltr'>omnium</span> <span class='ocrx_word' id='word_1_230' title='bbox 736 2850 881 2894; x_wconf 80' lang='lat' dir='ltr'>deinde</span> <span class='ocrx_word' id='word_1_231' title='bbox 914 2851 1104 2895; x_wconf 79' lang='lat' dir='ltr'>laudibus</span> <span class='ocrx_word' id='word_1_232' title='bbox 1139 2850 1533 2904; x_wconf 65' lang='lat' dir='ltr'>cumulatissimum</span> <span class='ocrx_word' id='word_1_233' title='bbox 1562 2858 1801 2908; x_wconf 74' lang='lat' dir='ltr'>crescetque</span> 
     </span>
    </p>
   </div>
  </div>
 </body>
</html>
