1832 3230
220 177 297 220 568
323 155 328 161 ’
617 145 782 217 Nom
812 178 880 216 ET
908 177 1349 220 EMENDATIONES

278 278 340 321 ‚At
370 277 584 334 inscriptio
612 286 675 321 est
702 287 900 336 suspectae
934 278 1100 321 omnino
1128 278 1239 332 fidei,
1269 288 1316 322 ut
1346 279 1557 337 Scaligero
1588 280 1757 339 aliisque

221 353 317 395 viris
336 352 503 394 eruditis
522 352 631 395 recte
659 355 946 396 observatum:
977 368 1053 395 nec
1085 353 1260 396 Orosius
1278 354 1404 411 hujus
1421 364 1484 398 est
1511 354 1759 412 antiquitatis

221 436 345 484 atque
366 426 633 478 auctoritatis,
663 427 730 469 cui
757 427 892 470 statim
913 428 1174 470 credendum.
1235 427 1520 471 Certissimum
1541 438 1678 472 autem
1697 437 1760 472 est

221 502 264 545 in
294 501 375 544 hac
410 501 544 557 primii
581 501 862 557 persecutione
900 501 1141 544 occubuisse
1184 502 1386 556 ingentem
1434 486 1758 547 Christianiomm

219 574 538 627 multitudinem,
574 583 618 616 ut
655 577 802 618 fatetur
831 566 920 631 ipse
956 575 1138 618 eruditus
1171 575 1429 627 Dodwellus,
1462 575 1759 620 Dissertation.

226 649 465 708 Cyprianic.
498 649 674 692 Dissert.
699 664 753 691 11.
781 660 879 692 sect.
908 656 971 692 13.
1015 649 1309 707 Gloriaturque
1342 649 1571 694 Christiana
1596 649 1760 707 religio,

221 724 335 781 quod
363 731 405 765 et
432 722 561 766 atroci
579 723 784 765 calumnia
813 723 865 766 sit
892 723 1069 779 primhm
1100 724 1242 780 petita,
1264 732 1305 766 et
1334 723 1359 765 ἢ
1390 724 1562 766 Nerone
1581 724 1757 781 primilm

221 797 419 848 lacessita,
451 792 574 853 quem
603 796 683 852 ipsi
705 797 885 840 Romani
902 806 1048 854 pestem
1065 798 1222 855 generis
1241 798 1412 840 humani
1429 783 1702 854 Appellavere‘.

281 870 342 914 Et
353 871 634 927 pereuntibus.
695 871 831 914 MSS.
853 871 975 914 Harl.
997 871 1122 914 Bodl.
1137 871 1166 914 J
1169 888 1226 914 eS.
1247 887 1294 914 ea
1307 871 1586 929 pereuntibus.
1675 895 1688 900 -

280 945 374 987 Aut
386 946 657 1001 flammamlc‘.
718 945 820 988 MS.
842 946 946 1001 Agr.
961 945 1193 1001 flammati.
1254 945 1374 988 Male
1395 945 1761 993 emendat,Meur-

191 1069 193 1071 ,
223 1017 320 1070 sius,
340 1018 600 1075 autflammd
620 1020 716 1072 usti,
736 1027 858 1076 utque
882 1019 971 1071 ubi,
990 1020 1059 1069 350.
1121 1018 1343 1075 Sulpitium
1367 1020 1567 1062 Severum
1578 1028 1758 1074 secutus,

223 1093 294 1150 qui
320 1093 515 1136 Tacitum
535 1093 602 1135 hic
622 1093 851 1149 exscripsit.
911 1098 939 1119 “
964 1093 1098 1135 Novae
1124 1101 1278 1136 mortes
1298 1093 1553 1149 excogitatae,
1582 1101 1630 1136 ut
1654 1094 1760 1136 fera-

221 1184 315 1221 rung
354 1168 475 1223 tergis
510 1168 700 1219 contecti,
738 1167 888 1210 laniatu
927 1183 1074 1210 canum
1114 1167 1335 1210 interirent.
1394 1166 1538 1211 Multi
1565 1162 1758 1210 crocihus

221 1231 347 1296 affixi,
368 1250 438 1284 aut
456 1243 622 1284 flamma
644 1242 736 1284 usti.
797 1241 992 1298 Plerique
1011 1241 1054 1284 in
1073 1241 1115 1284 id
1133 1241 1336 1294 reservati,
1363 1250 1409 1284 ut
1427 1241 1530 1284 cum>
1543 1239 1758 1285 defecisset

217 1306 323 1369 ‘die-s,
361 1316 403 1358 in
441 1332 563 1358 usum
600 1315 786 1358 nocturni
831 1315 996 1358 luminis
1036 1315 1288 1359 urerentur.”
1345 1311 1454 1358 Vid'e
1501 1313 1757 1372 Testimonia

220 1389 432 1432 Veterum.
463 1389 560 1432 Vol.
585 1405 625 1432 v.

278 1464 419 1522 Atque
451 1463 534 1506 ubi.
597 1463 833 1520 Delendum
868 1471 990 1521 atque
1018 1479 1101 1506 non
1126 1463 1332 1507 immerito
1363 1471 1504 1506 monet
1531 1462 1748 1521 Ernestus3

219 1538 262 1580 ni
280 1537 499 1594 intelligas,
519 1545 641 1595 atque
660 1545 719 1590 ut,
740 1537 812 1579 ubi
831 1536 1050 1596 defecisset,
1070 1538 1138 1587 850.

279 1612 337 1654 In
365 1628 494 1655 usum.
556 1612 822 1664 Puteolanus,
853 1628 900 1654 ac
930 1611 1075 1655 deinde
1106 1610 1233 1654 ceteri
1261 1625 1416 1654 omnes.
1475 1609 1614 1663 MSS.
1640 1603 1753 1654 Flor.
1776 1639 1779 1642 -

220 1686 344 1729 Harl.
366 1685 491 1728 Bodl.
510 1685 597 1729 Jes.
619 1686 727 1741 Reg.
751 1685 881 1728 Corb.
899 1685 1042 1728 Guelf.
1056 1684 1180 1728 editio
1201 1684 1404 1741 princeps,
1423 1684 1469 1726 in
1489 1699 1576 1736 usu.

280 1759 498 1802 Curriculo
543 1759 742 1804 insistens,
802 1759 906 1802 MS.
945 1761 1049 1815 Agr.
1089 1758 1272 1814 Ryckius
1309 1767 1352 1801 et
1387 1757 1644 1801 recentiores.
1701 1756 1753 1800 In

216 1820 305 1897 aliis
325 1834 462 1876 MSS.
482 1842 524 1876 et
543 1833 743 1876 veteribus
764 1833 1023 1887 editionibus,
1044 1832 1210 1876 circulo.

278 1983 347 2026 CA
358 1997 398 2024 P.
419 1988 489 2025 45.
523 1981 709 2024 Secundo
738 1981 951 2024 Carinate.
1012 1979 1132 2023 Mal&
1161 1979 1299 2023 MSS.
1332 1979 1446 2037 Flor.
1473 1978 1597 2023 Harl.
1624 1978 1751 2026 ,BodL

218 2057 248 2101 J
252 2073 308 2100 es.
329 2057 475 2100 Guelf.
500 2055 742 2113 Caprinate.
804 2056 907 2098 MS.
930 2054 1058 2097 Corb.
1083 2053 1326 2111 Crapinate.

281 2131 366 2174 Ore
391 2139 504 2174 tenus
535 2131 744 2173 exercitus.
806 2129 922 2171 Bene
942 2136 983 2171 et
999 2128 1220 2184 eleganter.
1282 2127 1389 2171 Haec
1409 2135 1556 2182 tamen,
1578 2126 1693 2184 quod
1710 2126 1752 2170 in

217 2205 323 2251 MS.
344 2205 454 2248 Bud.
474 2205 638 2256 omissa,
657 2203 788 2246 deleta
807 2203 972 2253 volebat
993 2203 1229 2245 Rhenanus.

277 2279 540 2336 Persimplici
559 2280 684 2322 vzctu.
745 2277 848 2320 MS.
880 2276 990 2319 Flor
1024 2275 1207 2318 Pichena
1225 2282 1267 2318 et
1296 2275 1552 2327 recentiores.
1584 2273 1749 2332 Vulgo

216 2354 259 2396 in
275 2353 411 2396 MSS.
432 2363 474 2396 et
492 2353 694 2396 veteribus
714 2351 974 2403 editionibus,
987 2365 1067 2406 pro
1088 2348 1276 2406 simplici.

278 2427 459 2470 Tolerat.
490 2427 593 2470 MS.
615 2427 725 2469 Bud.
745 2425 977 2469 tolerabat:
997 2425 1103 2466 unde
1121 2423 1291 2481 conjicit
1310 2422 1525 2476 Ernestus,
1540 2422 1748 2466 toleraret.

1504 2507 1526 2526 Χ

273 2574 393 2618 CAP.
406 2577 484 2621 46.
518 2574 607 2620 Qui
625 2580 754 2617 custos
770 2573 935 2617 adesset.
995 2572 1098 2616 MS.
1116 2571 1243 2616 Corb.
1265 2570 1422 2642 aderat.

270 2726 389 2769 CAP.
409 2732 481 2773 47.
514 2713 754 2785 secutaque.
819 2726 1039 2775 Queabest
1061 2723 1086 2766 a
1102 2723 1206 2766 MS.
1229 2722 1352 2765 Harl.

270 2797 370 2843 Non
390 2802 571 2852 incutero
589 2816 823 2858 repressam.
885 2799 1111 2856 Perperam
1140 2798 1181 2840 in
1210 2796 1371 2853 scriptis
1400 2803 1441 2838 et
1468 2794 1584 2839 editis
1614 2793 1746 2846 libris,

210 2875 309 2933 fquia
328 2875 373 2918 in
391 2882 506 2918 utero
526 2890 760 2933 repressum,
779 2881 854 2918 aut
874 2874 955 2927 iter>
956 2875 1089 2931 juxta
1111 2871 1264 2916 editum
1283 2871 1350 2914 sit.
1411 2869 1506 2927 Ego
1522 2868 1634 2913 ultro
1654 2884 1745 2914 sum
