1858 3224
390 151 470 192 AD
498 148 600 191 Lm.
629 148 705 190 xl.
732 146 869 189 ANN.
898 146 947 187 C.
974 145 1141 186 CORN.
1168 146 1368 188 TACI'I'I.
1566 152 1651 194 ³⁴⁷

112 251 304 316 expretqe
334 252 392 296 ait
424 254 476 296 ad
505 254 547 296 id
576 252 819 295 discriminis
852 250 1165 308 exprimendum
1200 251 1472 307 excogitatam
1504 266 1594 295 esse
1623 251 1651 296 ὲ

111 325 289 371 Claudio
321 327 483 371 literam
516 327 691 370 similem
726 328 764 370 ei
793 336 915 377 notae,
957 341 1081 383 quam
1110 341 1185 382 pro
1221 326 1472 382 aspiratione
1508 327 1651 372 Groeci

105 409 299 460 pontana·
345 402 410 446 Ea
427 411 527 446 nota
546 412 608 446 est
625 402 682 455 1⁵,
698 411 786 445 tum
807 417 858 444 ex
875 400 1145 451 Quintiliano,
1166 409 1254 442 tum
1275 415 1325 442 ex
1348 401 1650 446 Heracleorum

68 519 73 525 ρ
108 477 303 531 nummis,
322 493 428 536 quos
448 478 584 521 videre
610 486 673 520 est
700 477 812 534 apud
841 476 912 520 Cl.
935 474 1127 527 Pellerin,
1151 473 1323 517 Recueil
1349 474 1399 517 dc
1427 474 1651 519 Medailles

108 551 160 596 de
189 550 371 610 Peuples
396 561 436 597 et
467 553 518 597 de
547 551 686 596 Villes.
717 551 813 595 vol.
835 565 869 594 1.
900 567 941 608 p.
960 557 1034 594 42.
1093 549 1375 594 I‘HPAKAflmN.
1436 549 1552 606 Ergo
1578 551 1650 594 illa

110 637 211 673 nota
230 627 271 670 l·
303 636 367 672 est
386 628 504 672 tertia
525 627 691 672 Claudii
710 627 841 670 litera.
903 625 1130 669 Claudiana
1146 633 1283 667 autem
1307 622 1377 665 illa
1394 623 1525 677 litera,
1545 625 1651 669 sicut

109 705 162 740 et-
190 697 418 754 antisigma,
457 698 500 742 in
535 696 658 740 nullis
694 694 943 752 antiquitatis
981 693 1270 745 monumentis,
1319 708 1411 750 quae
1455 693 1651 736 hactenus

110 780 291 829 reperta*
309 781 418 825 sunt,
458 771 651 815 occurrit.
713 770 809 813 Nec
855 769 1092 826 poenitenda
1127 769 1304 826 jactura.
1364 767 1416 809 In
1447 767 1497 809 iis
1537 768 1648 811 enim

109 861 256 903 pamm
275 845 536 898 curiositatis,
554 845 654 888 nihil
674 844 874 888 utilitatis.

171 919 229 965 In
247 936 324 973 are
337 921 603 979 publicandis
619 919 857 978 plebiscitis.
918 917 984 961 Ita
1014 918 1108 962 libri
1138 934 1280 961 omnes
1308 917 1422 961 editi.
1481 917 1652 975 Lipsius

109 1006 248 1041 tamen
265 997 512 1040 emendabat
524 995 792 1054 publicandis
808 994 934 1048 scitis,
954 994 1033 1036 hac
1054 993 1211 1036 ratione
1231 995 1392 1046 ductus,
1413 993 1526 1050 quod
1541 993 1654 1036 nulla

111 1071 266 1116 fuerint
297 1074 376 1115 sub
407 1069 734 1128 Imperatoribus
768 1070 902 1127 plebis
932 1068 1048 1122 scita,
1081 1077 1151 1111 aut
1174 1070 1303 1127 jussa.
1364 1068 1569 1113 Eamdem
1598 1071 1654 1112 ob

113 1160 282 1191 eausam
302 1146 537 1203 corrigebat
557 1146 731 1190 Grotius
745 1143 1014 1202 publicandis
1030 1143 1148 1200 plebi
1170 1143 1273 1197 Scis,
1305 1143 1347 1186 id
1370 1153 1445 1195 est,
1473 1151 1656 1186 senatus-

114 1220 600 1278 mmultis.1ngeniose
633 1221 824 1278 quidem3
856 1229 902 1263 at
930 1221 1078 1262 durum
1113 1218 1271 1261 videtur
1298 1218 1516 1275 publicare
1539 1217 1657 1275 plebi

113 1296 479 1342 senatusconsulta.
539 1296 637 1340 Nec
666 1312 808 1338 verum
840 1304 903 1339 est
934 1294 1048 1337 nulla
1071 1293 1195 1336 fuisse
1225 1296 1303 1336 sub
1332 1292 1659 1349 Imperatoribus

105 1371 250 1430 ‘plebis
279 1371 395 1425 scita,
428 1387 503 1414 seu
526 1372 658 1430 jussa.
717 1370 850 1414 Aliud
868 1369 978 1412 enim
1007 1370 1149 1412 suadet
1180 1369 1270 1425 ipse
1302 1369 1475 1412 Tacitus
1505 1366 1660 1411 Annal-

117 1461 214 1492 κη.
230 1452 304 1491 41.
333 1450 363 1472 “
385 1445 536 1504 Sperni
564 1446 844 1503 adoptionem,
875 1459 1048 1502 quaeque
1069 1443 1299 1486 censuerint
1318 1452 1470 1500 patres,
1490 1442 1663 1501 jusserit

116 1520 314 1580 populus,
332 1518 439 1565 intr&
469 1529 638 1579 penates
664 1519 894 1577 abrogari.”
955 1517 1013 1561 Et
1040 1518 1082 1560 in
1112 1517 1202 1573 lege
1230 1518 1377 1573 Regia,
1408 1520 1460 1561 de
1482 1519 1565 1576 quit
1585 1534 1662 1564 nos

48 1652 51 1653 ⁷
115 1596 242 1655 plura
274 1596 379 1640 infra
411 1595 527 1639 Hist.
560 1611 624 1640 lv.
651 1597 694 1640 6.
729 1602 1009 1639 memorantur
1040 1593 1288 1636 LEGES.
1322 1593 1664 1639 ROGATIO-

119 1670 275 1717 NES.
318 1670 690 1716 PLEBISVE.
734 1669 960 1714 SCITA.
1009 1667 1449 1712 SENATVSVE.
1493 1669 1662 1713 CON.

119 1745 371 1792 SVLTA.
425 1746 670 1790 Monuerim
704 1760 869 1810 quoque
899 1744 982 1801 legi
1020 1744 1062 1786 in
1097 1743 1201 1786 MS.
1236 1742 1344 1799 Reg.
1387 1744 1664 1800 Aspiciantur

119 1821 364 1866 etiamnum
379 1821 427 1866 in
444 1837 523 1865 ωτι
533 1821 707 1879 publico
716 1821 945 1878 plebiscitis
954 1834 1031 1877 per
1035 1818 1145 1877 sora
1165 1834 1215 1861 ac
1235 1818 1386 1874 templa
1391 1818 1502 1875 fixo.
1534 1820 1663 1868 Quod

119 1897 291 1942 minime
319 1898 606 1955 spernendum.
669 1895 739 1939 Sic
767 1896 878 1939 enim
903 1896 1008 1938 infra
1032 1893 1184 1937 Annal.
1208 1908 1302 1935 ΧΠ.
1322 1899 1392 1936 53.
1427 1893 1578 1936 Fixum
1605 1901 1663 1938 est

119 1987 198 2018 m
218 1972 392 2032 publico
415 1970 822 2016 senatusconsultum.
886 1970 983 2013 Hic·
1007 1968 1118 2011 recte
1143 1968 1313 2019 faciunt,
1345 1968 1426 2026 qui.
1446 1970 1664 2023 emendant

113 2048 232 2108 plebi
253 2047 394 2102 SCtis,
412 2049 509 2091 cum
530 2062 581 2090 eo
599 2056 788 2104 tempore
809 2045 1027 2103 plebiscita
1043 2042 1155 2086 nulla
1175 2042 1338 2095 fuerint,
1360 2059 1462 2099 quos
1479 2043 1582 2085 inter
1600 2051 1664 2086 est

90 2146 95 2152 ·
119 2131 164 2167 et
183 2122 477 2176 Hoenchelius,
497 2138 622 2181 quem
635 2123 732 2180 jure
750 2121 818 2164 hic
837 2121 1066 2164 laudamus.
1127 2118 1257 2165 Misc.
1281 2118 1390 2160 Obs.
1413 2133 1522 2161 vm.
1543 2125 1644 2167 291.

175 2272 297 2318 CAP.
334 2278 399 2316 15.
435 2270 614 2314 Nomine
639 2269 826 2313 Italicus.
889 2268 1006 2311 Bene
1036 2267 1104 2311 Cl.
1129 2267 1327 2310 Ernestus
1348 2283 1398 2310 ex
1432 2266 1538 2310 MS.
1558 2267 1663 2323 Agr.

120 2347 312 2392 Italicus.
371 2346 462 2390 Hic
495 2345 635 2388 MSS.
670 2353 712 2388 et
749 2344 848 2387 editi
879 2332 1338 2389 librihabent'Ic-alus.
1401 2343 1485 2385 Sed
1512 2338 1667 2399 posted

118 2422 311 2467 Italicus.
393 2436 395 2439 ·
1475 2410 1478 2413 ’

177 2497 252 2541 Ea·
272 2496 508 2541 Catumero.
571 2495 638 2539 Ita
654 2494 908 2539 Puteolanus
928 2501 970 2535 et
989 2493 1250 2536 recentiores.
1291 2492 1342 2535 In
1361 2491 1540 2535 editione
1555 2491 1667 2549 prin-

119 2573 229 2632 cipe,
249 2571 488 2616 Actumero.
546 2571 652 2615 MS.
675 2569 802 2614 Bodl.
825 2569 1086 2613 cactumero.
1111 2568 1215 2611 MS.
1236 2568 1264 2612 J
1268 2583 1326 2611 es.
1350 2567 1591 2611 Cacumero.

182 2711 305 2768 0A13.
340 2723 408 2767 16.
439 2722 520 2776 Ac,
552 2722 827 2780 sino-quam
858 2728 1093 2779 parentem.
1151 2719 1204 2762 In
1233 2717 1406 2774 vulgatis
1438 2717 1554 2760 libris
1586 2717 1666 2761 At.

121 2797 306 2843 Restitui
326 2798 408 2852 Ac,
439 2797 579 2841 MSS.
608 2794 714 2853 Reg.
736 2796 881 2840 Guelf.
912 2805 955 2839 et
971 2796 1195 2839 editionem
1226 2794 1453 2851 principem
1485 2802 1665 2838 secutus.

58 2876 60 2879 ’
121 2872 192 2945 ¹Ill.
212 2873 398 2920 Hue‘tius
418 2874 511 2932 jam
538 2872 694 2918 viderat
712 2871 778 2917 At
805 2872 1052 2916 mendosum
1081 2886 1183 2914 esse.
1242 2868 1469 2925 ,Parentem
1498 2882 1666 2927 quoque
