1858 3224
403 121 484 161 An
514 119 616 161 un.
645 118 720 160 xl.
746 119 885 160 ANN.
914 118 962 158 c.
989 92 1158 158 comi.
1185 118 1386 162 uerri.
1576 124 1656 164 ³43
1696 87 1700 92 ¹

109 226 184 274 He
198 224 337 282 §iulos
354 225 464 268 foret
483 222 722 280 Inscriptio,
753 238 892 265 versus
912 221 1091 265 numeris
1111 230 1204 264 sunt
1224 222 1419 267 distincti.
1481 222 1658 268 Erudito

107 299 282 360 Vulpio,
334 297 458 343 Vetus
499 297 690 351 Latium,
738 296 838 340 vol.
881 311 928 340 x.
979 312 1022 353 p.
1062 303 1148 345 492
1199 307 1240 339 et
1280 314 1365 355 seq.
1427 297 1659 343 Simbruini

2 359 4 362 ‚
34 378 38 380 ’
109 369 231 421 cottis
249 373 331 419 dici
349 373 550 428 videntur,
579 373 692 430 quod
712 371 837 416 simul
868 371 1020 415 imbres
1050 371 1092 414 in
1111 371 1344 428 subjectum
1363 372 1500 416 lacum
1520 374 1660 418 dimit-

108 457 256 496 oerene

170 592 293 639 CAr.
318 599 384 639 14.
417 591 508 637 Per
510 591 681 652 figuras
700 593 961 638 animalium.
1020 593 1149 638 Juvat
1166 591 1363 637 Tacitum
1388 593 1516 652 sequi,
1546 603 1588 640 et
1607 595 1659 639 de

109 667 236 715 literis
254 667 323 714 hic
343 667 580 728 disquirere.

420 1047 516 1092 DE
567 1046 726 1093 LITE
736 1048 984 1094 RARUM
1031 1040 1340 1094 ORIGINE.

171 1287 324 1332 Gravis
359 1287 627 1347 intricataque
659 1289 845 1347 quaestio,
889 1305 982 1347 quae
1012 1289 1145 1347 prima
1178 1289 1299 1334 fuerit
1331 1286 1441 1348 apud
1475 1291 1661 1337 homines

112 1370 282 1420 recepta
313 1362 528 1421 ecripturae
562 1365 710 1407 forma.
772 1365 895 1408 Rude
923 1365 1055 1408 adhuc
1090 1381 1223 1409 aevum
1251 1366 1394 1422 figuris
1423 1367 1662 1413 animalium

111 1437 260 1480 mentis
286 1453 372 1482 suae
407 1453 549 1482 sensus
579 1439 826 1497 ‹uepressisse
861 1440 957 1483 satis
1000 1448 1174 1484 constat.
1245 1439 1388 1499 Hujus
1421 1441 1662 1486 inventionis

110 1509 291 1566 laudem,
333 1513 520 1558 barbaris
552 1514 760 1567 omnibus,
791 1523 837 1558 ut
870 1515 1033 1572 opinor,
1063 1516 1259 1569 debitam,
1293 1516 1481 1574 AEgyptii
1514 1533 1664 1562 monu-

111 1575 348 1631 mentorum
380 1589 658 1645 magnitudine
678 1599 720 1632 et
748 1590 1054 1647 magnificentia
1087 1589 1165 1633 soli
1200 1590 1428 1634 obtinuere.
1487 1592 1664 1649 Agreste

111 1659 220 1704 istud
241 1662 445 1706 scribendi
464 1679 608 1720 genus,
640 1666 752 1723 quod
772 1674 814 1708 et
832 1665 997 1708 difficile
1017 1673 1093 1719 est,
1112 1682 1188 1708 nec
1208 1665 1285 1708 nisi
1305 1682 1462 1723 paucos
1477 1667 1665 1711 brevissi-

111 1749 286 1795 mosque
303 1737 452 1781 mentis
471 1753 611 1782 sensus
634 1748 772 1796 potest
792 1740 1039 1797 exprimere,
1072 1740 1259 1797 Assyrios
1281 1742 1332 1783 ad
1363 1741 1663 1798 expeditiorem

113 1812 469 1856 etfoecundiorem
499 1813 708 1857 literarum
743 1817 921 1858 formam
953 1815 1236 1872 inquirendam
1270 1815 1477 1859 excitavit.
1536 1815 1663 1860 Hanc

113 1892 251 1930 tamen
283 1886 455 1944 gloriam
493 1878 680 1947 AEgyptii
712 1890 754 1933 in
787 1906 829 1933 se
873 1890 1052 1933 derivare
1097 1890 1274 1934 voluisse
1316 1890 1417 1933 mihi
1450 1891 1662 1946 videntur;

112 1960 239 2019 idque
257 1961 390 2006 innuit
408 1962 596 2018 Tacitus,
627 1964 660 2008 si
679 1958 767 2023 ejus
787 1967 912 2008 verba
947 1965 1022 2008 rite
1055 1965 1342 2022 perpenderis:
1387 1970 1415 1991 “
1437 1964 1569 2008 Primi
1589 1981 1664 2022 per

114 2035 268 2093 figuras
285 2037 528 2081 animalium
547 2038 736 2097 AEgyptii
769 2055 909 2082 sensus
938 2040 1085 2082 mentis
1105 2040 1352 2096 effingebant
1382 2042 1450 2092 (ea
1467 2039 1664 2098 antiquis·

115 2109 219 2156 sima
230 2122 505 2157 monumenta
523 2115 734 2158 memoriae
766 2116 954 2158 humanae
985 2115 1184 2172 impressa
1216 2115 1322 2158 saxis
1352 2118 1591 2182 cernuntur)
1623 2123 1666 2158 et

115 2185 478 2231 ermunuu
524 2202 718 2232 samer
762 2203 1145 2232 mvEN'ronsss
1188 2188 1440 2247 perhibent.’'
1486 2190 1664 2232 Atcum

114 2259 227 2305 nulla
237 2270 376 2306 extent
392 2263 683 2322 AEgyptiarum
696 2265 893 2308 harumce
911 2264 1120 2308 literarum
1137 2275 1412 2318 monumenta,
1432 2263 1666 2319 abAssyriis

35 2350 39 2351 ⁷
114 2334 256 2380 literis
284 2337 456 2391 diversa,
510 2347 584 2382 aut
617 2339 666 2384 iis
701 2339 945 2397 antiquiora,
987 2355 1079 2398 quae
1122 2349 1258 2382 tamen
1291 2338 1421 2382 mult³
1454 2353 1666 2395 superesse

116 2411 327 2465 deberent,
357 2428 440 2456 non
466 2413 672 2462 immedtb
703 2415 866 2472 scripsit
899 2414 1074 2469 Plinius,
1104 2416 1164 2457 vir
1183 2414 1391 2457 immensae
1412 2414 1663 2466 eruditionis,

118 2499 209 2529 vn.
238 2487 313 2530 56.
343 2486 512 2532 Literas
529 2504 683 2547 semper
703 2490 890 2532 arbitror
911 2489 1261 2549 Assyriasfuisse.

176 2558 452 2619 Primigeniae
486 2563 580 2607 illas
618 2563 769 2617 literas,
809 2564 1039 2607 maximum
1085 2564 1254 2606 humani
1303 2563 1455 2619 ingenii
1501 2563 1664 2617 foetum,

118 2633 289 2678 omnino
308 2635 484 2682 diversas
503 2637 630 2681 fuisse
650 2637 675 2680 a
696 2639 875 2682 rotundo
895 2639 968 2682 illo
983 2640 1230 2692 charactere,
1247 2654 1330 2696 quo
1350 2654 1457 2681 nunc
1483 2638 1665 2686 Hebraea

119 2708 352 2764 scribimus,
372 2711 644 2755 certissimum
657 2722 740 2756 est.
802 2713 928 2761 Forte
943 2714 1069 2762 etiam
1090 2713 1370 2769 Samaritanis,
1390 2713 1540 2772 quibus
1558 2727 1666 2762 nunc

119 2783 288 2841 utimur,
312 2785 444 2843 paulo
464 2787 647 2831 rudiores
666 2789 794 2832 fuere.
