1858 3224
210 169 290 205 344
607 159 772 199 NOTAE
802 159 868 198 ET
884 158 1338 200 'EMENDATIONES

269 253 370 295 Inde
390 260 525 294 autem
546 251 747 307 scriptura
765 253 817 294 ad
836 267 978 293 omnes
1004 259 1144 307 gentes
1164 251 1402 306 dimanavit,
1422 268 1513 310 quae
1533 253 1743 312 egregium

213 329 418 369 inventum
434 334 503 367 aut
522 325 746 367 rusticitate
762 341 842 367 non
863 324 1091 380 neglexere,
1111 334 1183 367 aut
1203 326 1376 368 vanitate
1395 342 1479 368 non
1493 311 1745 384 sunt‘asper-

214 410 328 443 natae.
390 399 488 442 Hac
523 398 629 440 enim
655 398 849 454 superbia
880 397 1087 440 laborasse
1118 398 1215 440 mihi
1251 399 1436 442 videntur
1467 402 1551 444 duo
1575 401 1745 459 -populi,

217 490 319 531 quos
349 474 453 515 inter
472 473 606 528 posita
626 471 805 526 Assyria,
827 471 1012 527 AEgyptii
1033 480 1073 513 et
1094 472 1296 524 Sinenses,
1322 473 1426 515 vitiis
1457 490 1506 517 ac
1533 474 1748 521 virtutibus

217 547 432 590 simillimi.-
485 547 567 588 Sed
600 545 641 587 in
667 545 874 601 utriusque
909 560 1074 600 poenam
1112 545 1231 587 vertit
1265 546 1472 601 superbia.
1530 547 1749 604 'Stupenda

220 621 328 664 enim
360 621 650 676 [Egyptiorum
682 628 946 662 monumenta
976 619 1117 675 ignota
1147 619 1424 663 obsolescunt.
1485 621 1750 673 Sinensesin

221 695 477 738 enucleandis
494 695 574 736 suis
595 693 892 737 characteribus
913 709 1074 749 semper
1090 694 1219 750 pueri,
1240 695 1546 738 consenescunt.
1612 727 1616 730 >
1650 716 1653 718 ·

279 769 429 811 Utrum
461 777 595 810 autem
626 777 778 811 veteres
809 768 912 809 inter
946 768 1201 810 characteres
1237 768 1425 811 Sinenses
1457 778 1498 812 et
1529 769 1751 827 AEgyptios

225 843 348 884 fuerit
367 842 587 884 similitudo
608 850 792 898 quaerunt
819 842 974 884 eruditi.
1036 841 1160 883 Hanc
1181 842 1345 898 quidem
1378 859 1420 885 se
1439 843 1753 899 deprehendisse

227 915 468 961 existimavit
500 915 566 957 Cl.
590 915 806 957 Needham
836 915 878 956 in
911 914 1021 957 Iside
1054 916 1297 958 Taurinensi
1331 925 1373 959 et
1405 916 1559 960 Lexico
1595 918 1754 963 Sinensi

233 993 272 1036 T
269 992 602 1048 clzingtsee-tong.
664 976 744 1030 De*
759 988 836 1031 hac
857 989 1119 1031 similitudine
1139 990 1374 1046 interrogati
1397 991 1523 1044 Galli,
1550 992 1620 1049 qui
1650 992 1755 1035 inter

231 1066 417 1109 Sinenses
445 1063 581 1104 multis
610 1063 754 1104 abhinc
777 1061 888 1103 annis
909 1064 1074 1118 degunt,
1106 1079 1196 1105 eam
1231 1063 1307 1106 sibi
1338 1064 1650 1121 incompertam,
1679 1081 1756 1108 nec

233 1138 470 1182 Sinensibus
503 1136 617 1178 libris
649 1136 741 1177 satis
773 1136 908 1177 nixam
949 1138 1205 1193 respondere.
1269 1137 1447 1180 Memini
1486 1122 1663 1195 quidem!
1691 1155 1758 1190 me

231 1212 373 1268 legisse
398 1212 583 1267 quaedam
603 1209 768 1252 omnino
794 1210 895 1251 mira
915 1211 966 1251 de
987 1210 1188 1253 veteribus
1209 1211 1485 1267 hieroglyphis
1505 1212 1758 1267 Sinensibus‚

233 1288 303 1329 sed
323 1300 412 1342 quae
434 1300 563 1341 neque
585 1293 645 1325 est
663 1284 783 1340 hujus
813 1284 893 1335 loci
914 1285 1075 1337 referre,
1105 1300 1250 1342 neque,
1282 1295 1424 1341 utpote
1450 1288 1503 1340 ab
1527 1287 1760 1345 hominibus

233 1359 427 1415 religione
446 1357 753 1414 praeoccupatiS,
776 1357 845 1415 qui
866 1357 1185 1400 reconditissima
1207 1359 1447 1402 Christianae
1462 1360 1557 1403 fidei
1571 1361 1762 1417 mysteria

234 1432 514 1476 vetustissimis
555 1431 783 1473 Sinensium
830 1431 1105 1488 hieroglyphis
1147 1434 1388 1475 adumbrata
1423 1432 1762 1489 imaginabantur,

237 1506 482 1562 conscripta,
502 1505 676 1548 multum
693 1505 945 1547 auctoritatis
965 1506 1209 1558 obtinerent,
1229 1522 1361 1563 neque
1381 1508 1566 1563 obtinere
1581 1510 1750 1552 debent.

295 1581 411 1623 Dum
431 1580 599 1622 meliora
617 1580 868 1636 certioraque
888 1578 912 1620 a
936 1579 1172 1622 Sinensibus
1192 1579 1367 1632 veniant,
1389 1581 1514 1624 satius
1533 1581 1611 1624 erit
1628 1581 1765 1639 legere

238 1655 439 1697 eruditum
459 1669 562 1709 opus
589 1653 903 1695 clarissimorum
935 1653 1111 1695 virorum
1144 1653 1396 1696 W'arburton
1421 1663 1463 1696 et
1484 1654 1682 1699 Leonard
1699 1656 1766 1700 des

244 1728 478 1784 Malpeines
507 1727 673 1769 Parisiis
693 1726 845 1769 editum
864 1742 968 1768 anno
993 1733 1116 1774 1744.
1139 1727 1263 1770 Essai
1288 1743 1358 1775 sur
1386 1727 1441 1771 les
1467 1715 1767 1789 Hieroglyplzes

244 1802 486 1860 Egyptiens.
545 1801 822 1843 Novissimam
856 1809 896 1843 et
933 1793 1139 1856 egregiam
1170 1801 1211 1843 in
1249 1797 1506 1846 eruderandis
1538 1802 1767 1860 linguarum

244 1875 474 1932 primordiis
495 1890 668 1930 posuere
690 1874 772 1916 Cll.
793 1875 843 1916 de
865 1875 1050 1930 Guignes
1074 1884 1116 1917 et
1136 1875 1410 1932 Barthelemy.
1470 1875 1692 1927 Memoires
1718 1877 1769 1921 de

246 1949 273 1991 2'
294 1948 514 1991 Academie
536 1947 696 2006 Royale
719 1948 785 1990 des
807 1947 1088 2004 Inscriptions.
1119 1948 1216 1991 Vol.
1241 1965 1347 1992 xxx
1357 1964 1410 1992 11.
1437 1965 1478 2006 p.
1499 1956 1599 1994 212.
1639 1950 1686 1995 N
1689 1967 1769 1995 unc

246 2023 340 2064 vero
360 2022 567 2080 quomodo
580 2038 628 2063 ex
645 2022 820 2076 Assyriis
832 2021 956 2064 literis
978 2024 1160 2064 formatae
1183 2023 1331 2066 fuerint
1346 2031 1570 2067 ceterarum
1588 2017 1770 2081 gentium

246 2096 387 2148 literae,
422 2095 550 2143 oculis
570 2095 777 2137 exhibebit
799 2095 938 2137 tabula
965 2095 1145 2138 Eduardi
1168 2096 1380 2150 Bernardi,
1401 2098 1468 2140 cui
1487 2098 1653 2158 titulum
1672 2098 1772 2143 fecit

252 2168 375 2211 Orbis
406 2169 558 2212 eruditi
584 2169 813 2211 literatura.
874 2169 999 2212 Hanc
1021 2169 1233 2213 meliorem
1267 2170 1572 2230 auctioremque
1593 2171 1774 2217 londini

249 2258 353 2284 anno
375 2248 497 2291 1759.
518 2242 642 2284 edidit
663 2243 730 2285 Cl.
752 2243 939 2285 Morton.
1528 2255 1531 2258 ”
1784 2302 1787 2306 ¹

313 2315 409 2358 Tres
437 2316 576 2359 literas
604 2316 769 2375 adjecit.
830 2316 1004 2369 Literas,
1034 2320 1087 2360 ab
1118 2317 1371 2375 Imperatore
1396 2318 1574 2364 Claudio
1602 2319 1771 2375 additas,

253 2405 338 2432 rem
350 2389 496 2443 levem,
511 2390 815 2447 disceptandam
834 2399 984 2445 tamen,
1002 2391 1068 2434 hlc
1088 2392 1410 2456 explanabjmus.
