1858 3224
294 199 369 245 1'1's
785 207 833 246 o.
860 205 1334 249 CORNEL11TAC1T1
1524 207 1575 252 A.
1598 213 1648 254 U.
1664 212 1712 254 c,
1725 205 1822 259 *507²

296 311 327 335 ‘⁴
349 317 416 355 et·
429 306 744 356 Antiochum¹
781 309 998 381 expedire
1033 299 1201 375 copias,
1237 312 1365 376 queis
1398 314 1676 365 Parthorum
1705 306 1824 367 fines

296 389 330 414 ‘⁶
355 374 477 433 ultro
499 384 737 443 intrarent,
759 379 894 434 simul
912 391 1074 450 Pontes
1091 405 1176 452 per
1195 405 1379 438 amnem
1396 392 1822 460 Euphratemjun'gia

296 465 331 489 “
354 460 415 509 Et
437 461 667 509 minorem
692 463 961 512 Armeniam
983 464 1289 525 Aristobulo‚²
1310 467 1548 533 regionem
1578 470 1825 541 Sophenen

297 542 332 566 “
356 537 588 587 Sohemo³
615 555 738 586 cum
772 539 1023 611 insignibus
1058 542 1227 607 regiis''
1263 544 1462 592 mandat.
1529 545 1825 610 Exortusque
1857 605 1858 608 Ἰ

285 615 358 663 ιη’
365 623 573 679 tempore
599 615 794 663 aemulus
817 609 1086 682 Vologeso‚4
1110 618 1229 666 filius
1251 605 1520 668 Vardanes.»
1568 620 1642 670 Ει
1649 623 1824 672 absces-
1857 610 1858 622 ἵ

297 706 399 740 sere
421 691 644 781 Armenia
665 685 838 753 Parthi,
861 702 1095 785 tamquam
1117 685 1352 744 differrent
1373 697 1577 770 bellum.
1603 717 1607 727 ⁴

312 859 314 862 ’
369 866 413 907 8.
439 860 540 919 SED
564 853 718 936 apud
708 868 915 908 senatum
937 861 1088 909 omnia
1109 861 1155 909 in
1168 847 1323 927 majus
1341 862 1564 910 celebrata
1579 858 1702 922 sunt,
1723 879 1824 912 sen-

287 928 448 983 ‘tentiis
462 953 640 996 eorum,
656 937 733 1000 qui
757 941 790 965 “
808 939 1189 1002 supplicationes‚⁵
1204 951 1248 988 et
1271 940 1430 990 diebus
1445 938 1826 1027 supplicationum

300 1013 345 1039 “
357 1001 531 1059 vestem
539 1000 750 1088 Principi
776 1015 1117 1079 triumphalem,
1148 1028 1289 1081 utque
1311 1032 1450 1077 ovans
1473 1016 1688 1064 Urbem‘
1676 1014 1826 1075 iniret,

301 1093 336 1117 “
359 1075 638 1153 effigiesque
665 1091 760 1155 ejus
800 1091 896 1155 pari
951 1093 1263 1158 magnitudine
1307 1109 1359 1141 ac
1404 1092 1566 1142 Martis
1604 1089 1828 1151 Ultoris?

292 1170 336 1195 ’“
359 1161 551 1227 eodem
538 1182 586 1213 m
607 1165 832 1230 templo‚’'
856 1186 1102 1219 censuere:
1139 1181 1306 1234 praeter
1323 1163 1497 1218 suetam
1518 1167 1824 1219 adulationem

290 1241 407 1309 laeti,
466 1242 592 1306 quod
623 1244 895 1307 Domitium
941 1238 1260 1297 Corbulonem
1303 1247 1550 1311 retinendae
1569 1243 1824 1311 Anneniae

292 1331 636 1383 *praeposueratz
672 1320 1037 1387 Videbaturque
1068 1321 1199 1372 locus
1254 1321 1498 1371 virtutibus
1529 1316 1801 1402 patefactus.
1804 1325 1822 1352 ⁷

303 1394 465 1459 Copiae
491 1395 691 1462 Orientis
711 1396 771 1444 ita
794 1397 1096 1458 dividuntur,
1105 1411 1155 1447 ut
1177 1416 1280 1464 pars
1303 1393 1588 1448 auxiliarium
1609 1399 1717 1446 'cum
1739 1389 1823 1446 du-

302 1472 431 1539 abus
438 1457 697 1547 legionibus
722 1474 845 1541 apud
880 1476 1160 1541 provinciam
1191 1477 1394 1561 Syriam,
1425 1487 1469 1524 et
1503 1457 1706 1544 legatum
1727 1473 1824 1542 ejus

362 1674 647 1712 'Antiochum
676 1674 816 1724 Regem
850 1676 1026 1715 Comma-

307 1742 423 1780 genae,
451 1729 497 1765 de
525 1741 602 1777 quo
620 1727 741 1779 plura
761 1727 926 1799 diximus
947 1733 1026 1769 An-

307 1783 384 1852 nal2
403 1794 485 1820 xn
503 1785 568 1819 55.

258 1864 265 1871 ,
361 1834 624 1874 ²Aristobul0.
642 1836 817 1882 Herodis,
828 1836 922 1887 regis
933 1819 1024 1876 olim

282 1889 516 1940 Chalcidis,
559 1889 651 1926 filio.
695 1889 847 1940 Joseph.
895 1890 1025 1940 Antiq.

305 1944 400 1982 Jud.
416 1951 492 1981 xx.
509 1946 594 1980 set
608 1943 654 1979 de
668 1943 878 1981 BelloJud.
895 1955 944 1981 11.
962 1948 1023 1982 13.

308 1997 410 2035 Vide
453 1996 539 2035 loc.
572 2003 637 2034 Clt.
669 2004 775 2035 stem.
815 1997 1026 2042 Heredum,

308 2064 347 2089 ιι.
365 2054 431 2093 27.

362 2100 378 2123 ³
413 2103 601 2152 Sophenen
635 2102 799 2141 Sohemo.
843 2102 1025 2142 Sohemus

309 2156 408 2195 idem
427 2169 576 2208 prorsus
594 2156 686 2194 mihi
704 2158 865 2203 videtur,
892 2171 937 2195 ac
959 2157 1026 2194 So-

308 2211 455 2256 hemus,
467 2222 580 2259 quem
590 2211 615 2250 J
619 2210 778 2260 osephus
790 2212 921 2261 Antiq.
934 2211 955 2249 J
961 2211 1024 2250 ud.

310 2277 388 2303 xx.
419 2268 455 2302 8.
490 2264 544 2301 ait
568 2264 786 2302 successisse
820 2265 925 2302 fratri
957 2278 1026 2302 suo

310 2318 444 2364 Azizo,
477 2317 696 2354 Emesorum
726 2318 813 2368 regi.
871 2317 1026 2355 Scilicet

309 2371 484 2414 schemo,
512 2371 658 2408 Ituraeae
681 2383 776 2420 rege,
807 2379 959 2408 mortuo
978 2373 1028 2409 A.

310 2425 360 2462 U.
380 2423 426 2462 C.
446 2428 535 2462 802.
559 2432 626 2461 aut
653 2422 765 2461 etiam
793 2424 909 2474 paulo
927 2425 1027 2471 ante,

311 2478 452 2515 Ituraea
469 2477 599 2514 addita
608 2483 661 2514 est
676 2478 880 2528 provinciae
900 2477 1031 2529 Syrias,

310 2537 355 2568 ut
389 2531 535 2568 dictum
569 2535 623 2568 est
658 2531 798 2569 Annal.
844 2542 925 2569 xn.
963 2535 1027 2569 23.

276 2594 278 2596 ’
309 2585 457 2623 Datum
485 2584 574 2621 vero
593 2584 726 2630 Azizo,
756 2585 907 2622 Sohemi
938 2584 1029 2630 filio,

812 2638 933 2676 Azizo
967 2638 1030 2675 de-

311 2637 534 2675 Emcsorum
571 2650 741 2687 regnum.

311 2691 444 2729 functo
462 2693 510 2729 A.
527 2691 576 2728 U.
591 2691 637 2728 C.
657 2695 745 2733 807.
763 2691 943 2728 successit
964 2692 1029 2728 So·

310 2745 443 2781 hcmus
472 2744 598 2787 frater,
654 2746 709 2781 At
743 2745 858 2790 Nero,
892 2749 936 2781 ut
964 2745 1028 2782 ad-

309 2798 435 2835 versus
461 2798 640 2835 irruentes
670 2797 828 2835 Parthos
857 2798 1028 2835 Armeni-

309 2864 371 2888 am
389 2851 529 2888 certius
556 2851 779 2896 defenderet,
808 2850 1027 2889 Armeniam

307 2903 489 2942 minorem
518 2904 738 2942 Aristobulo
757 2904 881 2949 dedit;
914 2904 1029 2941 Sohe-

307 2970 371 2997 mo
402 2958 614 3010 Sophenen,
644 2970 729 3008 quae
756 2970 842 3008 pars
870 2965 925 2996 est
956 2962 1028 2996 Ar-

1101 1677 1232 1716 meniae
1262 1676 1411 1726 majoris
1429 1674 1604 1719 occidua,
1630 1682 1668 1712 et
1687 1675 1820 1711 Arme-

1100 1731 1172 1769 niae
1207 1730 1342 1769 minori
1378 1729 1560 1767 finitima:
1609 1728 1696 1764 urbs
1738 1727 1820 1776 ejus

1102 1785 1276 1835 princeps
1289 1793 1367 1822 erat
1379 1781 1703 1822 Gareathiocerta.
1720 1780 1821 1817 Vide

1101 1838 1176 1876 loc.
1201 1838 1267 1876 cit.
1284 1844 1388 1876 stem.
1414 1835 1630 1893 Herodum·
1640 1841 1679 1878 et
1706 1833 1821 1882 Solu.-

1103 1905 1265 1934 morum,
1285 1904 1322 1928 n.
1344 1893 1405 1928 13.
1425 1883 1579 1927 5et6‘.

1154 1943 1173 1964 ⁴
1196 1945 1386 1995 Vologese.
1409 1942 1578 1986 Veteres,
1596 1946 1641 1979 ut
1649 1938 1820 1986 videtur,

1103 1999 1231 2036 dixere
1257 1997 1468 2048 Vologeses
1498 1994 1685 2046 Vologesi,·
1714 1993 1822 2033 Volo-

1100 2065 1201 2102 geso,
1240 2051 1453 2103 Vologesen.
1533 2049 1594 2086 De
1632 2047 1819 2097 Vologese

1102 2118 1199 2155 saepe
1217 2105 1362 2143 dictum
1381 2103 1478 2140 libro
1495 2101 1631 2152 priore.
1666 2101 1766 2138 Vide
1783 2108 1821 2138 et

1103 2159 1295 2196 Canonem
1336 2169 1465 2207 regum
1509 2154 1735 2194 Parthorum
1779 2153 1818 2194 in

1102 2218 1180 2249 not.
1197 2219 1233 2249 et
1250 2211 1395 2249 emend.
1412 2210 1461 2247 ad
1478 2208 1617 2246 Annal.
1636 2220 1685 2245 11.
1706 2212 1741 2244 1.

1157 2264 1170 2286 ⁵
1201 2261 1506 2318 Suppliccitiones.
1541 2261 1643 2300 Vide
1675 2259 1818 2300 Annal.

1104 2327 1151 2356 11.
1171 2323 1236 2356 32.

1155 2368 1171 2388 ⁶
1200 2371 1345 2410 Martis
1375 2368 1535 2418 Ultoris.
1574 2367 1697 2416 Cujus
1723 2367 1820 2405 aedes

1102 2432 1182 2462 erat
1200 2425 1239 2462 in
1258 2436 1355 2462 vnx.
1372 2415 1485 2461 Urbis
1503 2421 1663 2492 regione,
1687 2427 1724 2460 et
1739 2419 1820 2458 foro
1848 2456 1849 2459 ,

1102 2475 1283 2529 Augusti.

1155 2511 1192 2551 ⁷⁵
1203 2531 1324 2569 Locus
1357 2529 1558 2569 virtutibus
1591 2526 1822 2586 patefactus.

1102 2585 1318 2623 Multarum
1337 2583 1536 2628 virtutum,
1548 2593 1616 2620 nec
1634 2579 1820 2618 veteribus

1101 2637 1414 2688 imperatoribus
1407 2648 1529 2685 impar
1545 2634 1619 2673 fuit
1631 2631 1818 2686 Corbulo.

1104 2692 1192 2729 Non
1207 2691 1320 2728 modo
1335 2688 1524 2740 supplices
1542 2697 1655 2738 reges,
1673 2683 1822 2736 regum-

1102 2758 1175 2795 que
1194 2744 1329 2781 liberos
1353 2742 1498 2780 obsidts
1517 2741 1677 2780 Romam
1695 2738 1819 2778 misit:

1103 2804 1143 2835 at
1165 2806 1307 2835 natuiae
1330 2796 1456 2835 solers
1470 2795 1666 2845 indagator
1691 2804 1820 2830 omnes

1103 2851 1188 2889 illas
1216 2850 1380 2901 regiones
1406 2846 1523 2887 anxia
1547 2843 1642 2885 cura
1667 2843 1821 2898 perqui-

1102 2905 1200 2950 sivit,
1219 2911 1256 2942 et
1275 2903 1454 2942 Romanis
1472 2907 1579 2939 notas
1596 2898 1697 2938 fecit.
1722 2897 1822 2938 Vide

1103 2957 1285 3007 Plinium,
1301 2969 1349 2995 11
1369 2960 1432 3001 70.
1452 2967 1492 2993 v.
1511 2959 1576 2995 24.
1590 2963 1656 2992 Ἥ.
1676 2956 1713 2992 8.
