1832 3230
237 167 316 203 550
641 158 806 198 NOTAE
835 159 903 198 ET
933 154 1375 196 EMENDA'I’IONES

301 261 446 307 Malos
459 260 728 321 preamium-et.
789 262 904 304 Bene
926 260 1109 302 Pichena
1129 274 1178 301 ex
1206 259 1307 302 MS.
1344 258 1456 305 Flor.
1489 258 1712 316 Perper-atii
1736 259 1779 304 in

242 336 383 379 MSS.
416 343 458 378 et
489 335 693 378 veteribus
725 335 971 378 editionibus
1007 333 1069 375 vel
1103 331 1291 386 in‘aliis,
1320 332 1383 374 vel
1413 331 1549 384 malis,
1589 333 1652 376 vel
1684 333 1781 377 aliis

239 410 509 468 praemineret.
572 409 813 461 Beroaldus,
826 408 1120 465 praemineret.

304 557 424 599 CAP.
451 563 520 600 35.
564 555 725 598 Divum
757 555 991 613 Augustum
1035 555 1214 598 abavum
1233 554 1423 611 serebat.
1484 554 1708 611 Perperam
1740 555 1782 599 in

246 631 408 687 scriptis
441 637 482 681 et
516 630 634 672 editis
667 629 796 680 libris,
827 630 858 670 si
882 629 1110 684 Ryckianas
1131 629 1327 671 editiones
1347 627 1570 685 exceperis,
1599 636 1782 672 ata-vum.

248 704 562 747 Emendandum
615 718 703 745 esse
750 703 926 745 abavum
957 704 1048 760 jam
1084 703 1241 759 pridem
1280 717 1476 744 monuere
1512 702 1658 745 eruditi
1694 703 1782 756 viri,

249 772 477 834 Rupertus,
510 776 592 832 Ep.
618 791 696 818 Lx.
725 777 778 818 ad
806 776 1058 829 Reinesium,
1089 792 1131 832 p.
1153 777 1252 819 546.
1312 776 1501 818 Valesius
1518 777 1572 819 ad
1588 787 1793 835 excerpta

251 852 418 902 Dionis,
438 852 532 895 libr.
556 864 680 893 an.
701 866 743 906 p.
766 855 862 896 714.
895 859 935 891 et
958 849 1154 904 Ryckius.
1186 849 1315 907 quue
1331 859 1445 906 patet
1459 859 1548 893 tum
1563 866 1615 894 ex
1631 850 1784 906 Dione,

249 925 331 968 loc.
353 926 422 968 cit.
454 934 541 967 tum
557 941 605 967 ex
628 924 779 966 Tacito
800 923 1076 966 Annal.xv1.
1107 930 1147 967 8.

309 998 425 1041 Jussz'
462 1005 730 1040 accusatores.
791 996 856 1038 lta
890 997 1025 1039 MSS.
1062 997 1173 1039 Flor.
1206 997 1311 1052 Reg.
1347 960 1449 1052 Agr.
1485 996 1617 1040 Corb.
1640 998 1782 1042 editio

249 1072 442 1129 princeps
473 1080 515 1114 et
548 1069 914 1113 recent101es.ln
945 1069 1082 1112 MSS.
1109 1067 1228 1112 Harl.
1248 1070 1339 1114 Jes.
1362 1069 1505 1113 Guelf.
1524 1079 1577 1114 et
1588 1070 1783 1114 Puteola-

249 1162 339 1198 nus,
355 1145 467 1202 jussi
485 1145 531 1186 z'd
547 1150 815 1186 accusatores.
875 1142 932 1183 Id
963 1159 1128 1200 quoque
1159 1143 1289 1185 altera
1318 1159 1443 1186 manu
1474 1143 1526 1186 in*
1547 1143 1651 1187 MS.
1672 1144 1785 1188 Bud.

251 1218 448 1260 additum.
1558 1242 1559 1245 ¹

312 1291 427 1337 Quin
447 1306 515 1333 nec
535 1290 911 1348 ignobiles'lzahere.
968 1288 1022 1332 'In
1054 1289 1188 1332 MSS.
1213 1289 1336 1332 Bodl.
1354 1290 1384 1334 J
1387 1307 1444 1334 es.
1466 1291 1573 1348 Reg.
1594 1291 1724 1336 Corb.
1744 1301 1787 1338 et

250 1365 446 1407 editiones
468 1373 635 1415 veteres,
667 1364 766 1421 quin
802 1379 850 1406 ne
868 1362 1081 1420 ignobiles-2
1141 1364 1245 1406 MS.
1280 1355 1400 1407 Harl.
1433 1366 1532 1423 quin
1561 1367 1787 1425 ignobiles:

249 1440 378 1482 alterii
399 1454 520 1480 manu
540 1439 724 1480 additum
751 1453 813 1480 ne.
877 1437 963 1479 Viri
983 1437 1156 1490 eruditi,
1173 1447 1217 1479 ut
1236 1446 1475 1492 corruptum
1506 1439 1643 1483 locum
1673 1441 1788 1485 resti-

251 1522 424 1565 tuerent,
465 1512 594 1554 varias
638 1512 763 1553 iniere
812 1513 910 1554 vias.
970 1512 1190 1554 Rhenanus
1225 1514 1520 1567 emendaverat,
1559 1515 1669 1573 quin
1697 1531 1788 1560 eum

251 1587 407 1628 nobiles
426 1586 589 1628 habere.
649 1586 760 1638 Vox,
779 1585 947 1638 nobiles,
982 1585 1127 1641 Lipsio
1146 1586 1293 1628 merito
1313 1595 1521 1651 suspecta,
1535 1589 1664 1647 iisque
1681 1598 1787 1634 tem-

250 1661 420 1717 poribus
453 1649 642 1702 insolens.
701 1660 810 1702 Tent
813 1660 894 1702 avit
937 1660 1033 1714 crgo
1082 1659 1263 1716 Lipsius,
1307 1661 1406 1718 quin
1449 1677 1538 1706 eum
1571 1664 1787 1710 nonnullos

252 1734 416 1776 habere
477 1734 676 1787 1³3ckius,
706 1750 806 1791 qum
826 1749 916 1776 eum
935 1734 1111 1775 homines
1130 1733 1289 1777 habere.
1347 1735 1392 1778 J.
1413 1736 1666 1790 Gronovius,
1685 1739 1788 1797 quin

251 1823 340 1850 eum
361 1808 412 1850 ob
433 1807 479 1849 id
494 1821 532 1849 et
550 1807 710 1850 habere.
772 1808 877 1856 Quae
898 1823 1039 1850 omues
1060 1808 1374 1864 conjectationes
1391 1809 1417 1851 a
1431 1809 1544 1853 libris
1563 1811 1785 1868 plurimum

251 1882 461 1933 recedunt,
494 1881 674 1937 nihilque
696 1881 994 1937 probabilitatis
1015 1882 1179 1924 habent.
1240 1882 1335 1938 Ego
1368 1883 1464 1925 vero
1494 1884 1589 1927 novi
1618 1883 1644 1928 a
1676 1886 1788 1929 Pris-

253 1955 386 2007 ciano,
418 1954 509 1996 libr.
534 1968 636 1996 xvi.
659 1955 731 1997 sol.
754 1961 824 1998 88.
854 1955 1126 1998 observari-ne
1144 1955 1298 1998 dictum
1324 1972 1412 2000 esse
1433 1973 1508 2014 pro
1528 1973 1667 2017 neque.
1725 1961 1787 2003 At

251 2028 481 2070 obsoletam
502 2028 605 2070 hanc
627 2028 868 2084 particulam
889 2028 915 2070 a
933 2029 1084 2072 Tacito
1104 2030 1226 2071 fuisse
1255 2040 1492 2087 usurpatam
1512 2032 1678 2078 minime
1698 2051 1788 2078 cre-

251 2102 434 2148 diderim.
495 2102 646 2159 Neque
693 2102 792 2144 olim
839 2102 1038 2158 scriptum
1088 2103 1249 2158 opinor,
1290 2119 1342 2146 ne
1376 2105 1575 2162 ignobiles
1600 2107 1785 2166 quidem.

250 2176 397 2233 Itaque
417 2176 537 2228 edidi,
558 2175 634 2218 nec
646 2176 855 2234 ignobiles,
886 2178 1032 2218 eodem
1053 2193 1198 2230 sensu3
1228 2192 1303 2222 nec
1320 2177 1344 2220 a
1363 2179 1552 2222 codicum
1572 2181 1785 2238 scriptura,

247 2251 477 2307 horumque
497 2258 730 2306 temporum
752 2266 828 2292 usu
847 2249 1238 2293 aliena'emendatio.
1297 2252 1419 2294 Tunc
1454 2253 1563 2296 enim
1585 2253 1658 2297 :vel
1686 2255 1785 2312 ipsis

250 2323 517 2379 Principibus
536 2323 672 2365 liberti
692 2325 848 2366 tantum
869 2332 982 2366 erant
1011 2326 1063 2366 ab
1084 2325 1283 2381 epistolis,
1311 2324 1338 2367 ἓι
1355 2326 1592 2380 rationibus,
1621 2327 1647 2370 a
1665 2327 1786 2373 libel-

246 2397 310 2439 lis.
352 2397 504 2454 Neque
522 2397 562 2440 id
582 2406 784 2439 mutatum
805 2407 898 2440 ante
917 2398 1073 2441 Vitellii
1094 2390 1293 2456 tempora,
1325 2408 1424 2442 teste
1442 2399 1594 2447 Tacito
1613 2402 1727 2447 Hist.
1750 2418 1783 2447 1.

246 2478 316 2514 58.
382 2469 572 2525 Vitellius
603 2470 830 2514 ministeria
854 2471 1134 2533 principatus,
1169 2488 1249 2529 per
1279 2473 1446 2516 libertos
1471 2456 1548 2533 dg}
1573 2475 1707 2530 solita,
1737 2477 1784 2521 in

245 2546 396 2602 equites
431 2544 640 2587 Romanos
669 2545 861 2602 disponit.
922 2546 1058 2589 Immo
1089 2547 1130 2588 id
1171 2543 1242 2589 viix
1278 2547 1390 2590 brevi
1419 2548 1573 2593 Vitellii
1607 2550 1781 2608 imperio

245 2618 396 2660 valuit:
447 2618 481 2660 si
517 2618 682 2675 quidem
722 2619 963 2675 Spartianus
997 2622 1047 2662 de
1085 2620 1297 2663 Hadriano
1330 2632 1463 2665 narrat
1496 2616 1597 2680 cap.
1617 2631 1688 2669 22.
1723 2626 1780 2669 ab

244 2691 421 2749 epistolis
436 2699 476 2734 et
494 2691 521 2735 ἂ
541 2691 689 2735 libellis
699 2693 861 2750 primus
880 2693 1152 2750 (Hadrianus)
1172 2695 1322 2752 equites
1343 2694 1554 2739 Romanos
1570 2697 1729 2742 habuit.

301 2765 507 2822 Appellet.
566 2765 702 2809 MSS.
747 2767 892 2810 Guelf.
921 2768 1010 2812 Jes.
1042 2778 1083 2812 et
1119 2757 1385 2824 Puteolanus,
1426 2770 1666 2870 aspellaret.
1724 2771 1776 2816 In

242 2838 345 2882 MS.
367 2838 489 2882 Harl.
509 2839 732 2897 appellare.
