1858 3224
315 136 396 176 AD
424 133 526 175 LIB.
554 132 650 172 XII.
678 130 816 172 ANN.
842 131 890 171 C.
919 131 1082 172 CORN.
1109 133 1311 174 TACITI.
1514 139 1594 190 399

111 238 162 284 Si
178 237 271 297 quis
290 237 417 281 fuerit
437 237 585 280 Romae
605 235 774 292 singulis
789 234 902 277 annis
914 234 1126 277 hominum
1146 233 1384 278 emortualis
1402 250 1596 279 uumerus

49 322 157 366 essct
179 320 454 370 compertum,
486 311 538 353 de
557 326 730 353 numero
750 311 839 368 ejus
858 308 1085 352 incolarum
1116 309 1229 352 nulla
1247 309 1474 352 exoriretur
1491 310 1596 353 diffi-

10 367 213 442 ¹*cultam
244 379 323 430 'ille
359 386 469 429 enim
505 400 716 438 numerus,
762 399 837 440 per
871 389 940 426 32.
978 383 1288 439 multiplicatus,
1321 386 1431 426 foret
1463 384 1595 427 vitalis

49 463 265 506 hominum
284 475 491 513 uumerus,
522 468 568 502 ut
587 475 638 501 ex
658 457 973 501 accuratissimis
994 457 1061 500 Cl.
1084 457 1221 511 Petty‚
1254 457 1424 500 Several
1440 457 1596 517 Essays

50 537 99 580 in
144 534 342 594 political
383 532 648 594 Aritkmeticg
697 532 952 588 aliorumque
989 531 1243 573 eruditorum
1281 532 1475 584 virorum,
1525 534 1595 589 qui

51 609 200 668 poste&
218 625 306 652 rem
325 607 437 651 illam
457 607 640 663 attigere,
669 605 1047 662 computationibus
1077 615 1158 648 stat
1188 613 1346 648 certum
1379 614 1421 648 et
1455 606 1597 649 incon-

51 699 234 728 cussum.

108 759 172 802 At
204 757 301 803 eum
326 754 596 799 emortualem
618 755 735 798 illum
754 769 969 797 numerum
990 753 1124 796 nullus
1142 762 1327 796 veterum
1347 753 1594 810 scriptorum

52 831 290 898 prodiderit,
334 830 413 874 alia
448 830 628 872 ineunda
660 837 722 872 est
757 828 834 881 via,
873 828 1108 872 indubitatis
1153 843 1318 885 quoque
1354 827 1422 871 Cl.
1458 828 1595 885 Petty,

51 907 309 964 aliorumque
328 903 706 961 computationibus
741 912 782 945 et
813 902 1102 959 experimentis
1127 901 1365 944 certissima.
1425 902 1596 959 Nempe
1671 937 1673 939 ,

51 980 148 1027 sitin
160 982 264 1041 urbe
282 978 612 1037 frequentissima
629 993 676 1020 ac
692 977 892 1033 principe,
913 977 1122 1020 altitudine
1139 984 1341 1019 tectorum
1355 978 1595 1033 conspicua,

51 1064 100 1099 ut
118 1070 226 1099 nunc
245 1062 340 1099 sunt
361 1053 523 1106 Parisii,
552 1061 599 1095 ut
617 1052 719 1095 olim
738 1052 814 1094 fuit
837 1052 988 1104 Roma,
1007 1042 1223 1094 numerum
1239 1053 1459 1095 domorum
1472 1068 1596 1095 nove-

51 1129 121 1184 ris,
149 1128 492 1173 nosti‘numerum
511 1127 739 1169 hominum.
1305 1115 1309 1119 ,

111 1203 273 1248 Omnes
306 1201 415 1245 enim
448 1203 593 1244 domos
631 1200 866 1243 summatim
911 1199 1066 1253 accipe.
1126 1199 1177 1242 In
1208 1199 1374 1256 singulis
1404 1201 1598 1245 domibus

12 1278 14 1280 ’
52 1286 173 1322 erunt
202 1275 370 1322 familiae
401 1280 480 1326 3}-
542 1274 723 1331 Singulae
754 1274 919 1317 familiae
946 1276 1194 1317 constabunt
1222 1275 1263 1317 6.
1291 1275 1520 1332 capitibus3
1549 1292 1597 1319 ac

53 1348 226 1410 proinde
244 1366 498 1408 unaquaeque
519 1351 666 1392 domus
685 1349 854 1392 habebit
873 1348 1028 1391 incolas
1047 1353 1118 1391 21.
1179 1348 1288 1391 Haec
1308 1350 1531 1404 generatim
1548 1352 1599 1393 de

54 1425 260 1479 domibus,
289 1425 411 1468 dicta.
473 1424 556 1466 Sed
585 1424 675 1470 aliae
696 1432 790 1467 sunt
809 1424 956 1466 domus
977 1424 1166 1480 majores,
1197 1438 1296 1480 quas
1315 1424 1438 1480 vulgo
1459 1424 1602 1482 appel-

52 1500 202 1553 lamus,
235 1498 398 1551 Hotels,
440 1498 561 1542 turba
590 1496 805 1540 hominum
840 1512 1142 1554 numerosoque
1176 1497 1380 1541 famulitio
1411 1499 1599 1554 gravidae.

54 1559 140 1618 Hm
157 1573 287 1632 duplo
321 1581 416 1617 sunt
435 1572 696 1616 aestimandae.
759 1571 939 1628 Singulae
972 1571 1070 1627 ergo
1102 1571 1311 1614 habebunt
1343 1572 1497 1616 incolas
1526 1579 1599 1617 42.

53 1649 197 1693 Unum
216 1657 353 1692 autem
372 1648 563 1705 idemque
582 1663 686 1700 esse,
718 1646 751 1689 si
781 1646 934 1695 incolas
952 1661 1003 1688 ex
1023 1645 1229 1700 domibus,
1259 1646 1324 1690 vel
1342 1649 1600 1702 exmortuis,

11 1740 19 1742 “
54 1722 331 1776 aestimaveris,
358 1722 506 1766 illustri
523 1721 715 1779 exemplo
734 1722 905 1778 patebit.

107 1896 285 1950 ‘Parisiis
314 1901 546 1946 moriuntur
570 1900 738 1957 singulis
758 1901 871 1944 annis
890 1899 1106 1943 hominum
1123 1900 1285 1945 circiter
1314 1902 1455 1959 viginti
1475 1899 1604 1948 millia

54 1999 1362 2015 ------------------
1426 1983 1600 2031 20,000.

118 2068 187 2114 Ex
225 2068 306 2111 hoc
341 2041 516 2110 numero
550 2071 724 2120 20‚000.
763 2065 1041 2122 multiplicato
1079 2081 1154 2123 per
1190 2071 1261 2109 32.
1306 2075 1400 2109 sunt
1439 2067 1607 2112 Parisiis

3 2201 7 2204 ν
43 2142 201 2189 51:001ae
228 2165 1242 2176 --------------
1312 2166 1331 2174 -
1401 2142 1590 2196 640‚000

109 2233 174 2290 At
194 2231 363 2276 Parisiis
396 2241 489 2276 sunt
521 2231 687 2288 triginta
716 2231 845 2275 millia
871 2233 1104 2286 domorum,
1135 2247 1236 2290 quas
1265 2231 1369 2275 inter
1387 2247 1605 2277 numeran-

50 2317 116 2353 tur
153 2313 254 2352 500.
299 2307 448 2350 domus
488 2307 677 2365 majores.
737 2306 983 2363 Multiplica
1019 2307 1167 2349 domos
1205 2311 1378 2359 29,500.
1430 2323 1506 2364 per
1543 2308 1605 2352 in-

50 2381 167 2433 colas
200 2388 272 2426 21.
303 2381 451 2425 domos
479 2381 658 2440 majores
694 2387 794 2425 500.
825 2397 900 2438 per
932 2380 1087 2424 incolas
1119 2387 1192 2425 42.
1234 2381 1413 2425 invenies
1446 2381 1604 2427 incolas

1 2470 24 2484 ’”
50 2480 1289 2494 -----------------
1331 2481 1365 2490 --
1415 2458 1515 2511 640,
1518 2464 1606 2502 500

115 2538 225 2587 Quae
244 2551 404 2580 summa
423 2506 567 2580 eadem
586 2536 716 2579 ferme
736 2546 812 2589 est,
841 2551 890 2578 ac
918 2552 966 2590 ea
998 2551 1090 2593 quae
1126 2535 1330 2593 superius
1347 2552 1399 2579 ex
1431 2535 1608 2580 mortuis

54 2611 259 2671 provenit.

88 2686 185 2733 ,Ex
203 2684 266 2729 his
284 2684 408 2742 igitur
436 2673 648 2743 principiis
668 2686 866 2728 'eamdem
896 2683 1017 2727 nobis
1047 2683 1146 2728 licet
1176 2685 1228 2727 de
1261 2699 1434 2727 numero
1455 2683 1605 2728 Romae

54 2760 282 2805 incohrum
303 2761 504 2804 rationem
523 2760 638 2804 inire.
698 2761 759 2803 At
787 2775 840 2803 ne
869 2776 920 2803 ex
949 2759 1084 2803 verbis
1114 2758 1346 2803 suboriatur
1374 2759 1608 2813 difficultas,

0 2834 170 2894 {prius
199 2835 532 2896 praemonuerim,
561 2845 606 2880 ut
638 2834 940 2893 distinguimus,
978 2834 1134 2889 house-3,
1161 2833 1315 2887 kostel-35
1363 2833 1423 2878 sic
1458 2833 1608 2879 Romae
