<?xml version="1.0" encoding="UTF-8"?>
<!DOCTYPE html PUBLIC "-//W3C//DTD XHTML 1.0 Transitional//EN"
    "http://www.w3.org/TR/xhtml1/DTD/xhtml1-transitional.dtd">
<html xmlns="http://www.w3.org/1999/xhtml" xml:lang="en" lang="en">
 <head>
  <title>
</title>
<meta http-equiv="Content-Type" content="text/html;charset=utf-8" />
  <meta name='ocr-system' content='tesseract 3.04.00' />
  <meta name='ocr-capabilities' content='ocr_page ocr_carea ocr_par ocr_line ocrx_word'/>
</head>
<body>
  <div class='ocr_page' id='page_1' title='image "./operarecognovite02taciuoft_0287.png"; bbox 0 0 1858 3224; ppageno 0'>
   <div class='ocr_carea' id='block_1_1' title="bbox 29 0 54 327">
    <p class='ocr_par' dir='ltr' id='par_1_1' title="bbox 29 0 54 327">
     <span class='ocr_line' id='line_1_1' title="bbox 29 0 54 327; baseline 0 -124"><span class='ocrx_word' id='word_1_1' title='bbox 29 0 54 327; x_wconf 66' lang='lat' dir='ltr'><em>g</em></span> 
     </span>
    </p>
   </div>
   <div class='ocr_carea' id='block_1_2' title="bbox 0 0 29 483">
    <p class='ocr_par' dir='ltr' id='par_1_2' title="bbox 0 0 29 483">
     <span class='ocr_line' id='line_1_2' title="bbox 0 0 29 483; baseline 0 2741"><span class='ocrx_word' id='word_1_2' title='bbox 0 0 29 483; x_wconf 95' lang='lat' dir='ltr'><strong> </strong></span> 
     </span>
    </p>
   </div>
   <div class='ocr_carea' id='block_1_3' title="bbox 154 141 1710 200">
    <p class='ocr_par' dir='ltr' id='par_1_3' title="bbox 154 141 1710 200">
     <span class='ocr_line' id='line_1_3' title="bbox 154 141 1710 200; baseline 0.002 -12"><span class='ocrx_word' id='word_1_3' title='bbox 154 150 195 191; x_wconf 77' lang='lat' dir='ltr'><strong>J.</strong></span> <span class='ocrx_word' id='word_1_4' title='bbox 213 149 261 188; x_wconf 90' lang='lat' dir='ltr'><strong>C.</strong></span> <span class='ocrx_word' id='word_1_5' title='bbox 278 142 346 187; x_wconf 83' lang='grc'><strong>65</strong></span> <span class='ocrx_word' id='word_1_6' title='bbox 401 141 710 184; x_wconf 83' lang='lat' dir='ltr'><strong>ANNALIUM</strong></span> <span class='ocrx_word' id='word_1_7' title='bbox 740 142 902 182; x_wconf 86' lang='lat' dir='ltr'>LIBER</span> <span class='ocrx_word' id='word_1_8' title='bbox 932 141 1183 184; x_wconf 90' lang='lat' dir='ltr'><strong>DECIMUS</strong></span> <span class='ocrx_word' id='word_1_9' title='bbox 1211 145 1472 193; x_wconf 88' lang='lat' dir='ltr'><strong>QUINTUS.</strong></span> <span class='ocrx_word' id='word_1_10' title='bbox 1627 155 1710 200; x_wconf 75' lang='lat'><strong>27¹9</strong></span> 
     </span>
    </p>
   </div>
   <div class='ocr_carea' id='block_1_4' title="bbox 153 232 1709 862">
    <p class='ocr_par' dir='ltr' id='par_1_4' title="bbox 153 232 1708 461">
     <span class='ocr_line' id='line_1_4' title="bbox 154 232 1708 320; baseline 0.002 -17"><span class='ocrx_word' id='word_1_11' title='bbox 154 253 293 312; x_wconf 84' lang='lat' dir='ltr'><strong>disse,</strong></span> <span class='ocrx_word' id='word_1_12' title='bbox 326 251 494 300; x_wconf 89' lang='lat' dir='ltr'><strong>crebro</strong></span> <span class='ocrx_word' id='word_1_13' title='bbox 529 247 671 314; x_wconf 91' lang='lat' dir='ltr'><strong>ipsius</strong></span> <span class='ocrx_word' id='word_1_14' title='bbox 706 262 920 296; x_wconf 87' lang='lat' dir='ltr'><strong>sermone</strong></span> <span class='ocrx_word' id='word_1_15' title='bbox 949 245 1070 296; x_wconf 88' lang='lat' dir='ltr'><strong>facta</strong></span> <span class='ocrx_word' id='word_1_16' title='bbox 1090 248 1239 310; x_wconf 88' lang='lat' dir='ltr'><strong>fides;</strong></span> <span class='ocrx_word' id='word_1_17' title='bbox 1275 253 1540 316; x_wconf 74' lang='lat' dir='ltr'><strong>promtifls&#39;</strong></span> <span class='ocrx_word' id='word_1_18' title='bbox 1522 232 1620 320; x_wconf 82' lang='lat' dir='ltr'><strong>Jam</strong></span> <span class='ocrx_word' id='word_1_19' title='bbox 1647 257 1708 306; x_wconf 88' lang='lat' dir='ltr'><strong>de</strong></span> 
     </span>
     <span class='ocr_line' id='line_1_5' title="bbox 153 324 1707 402; baseline 0.001 -22"><span class='ocrx_word' id='word_1_20' title='bbox 153 341 368 402; x_wconf 84' lang='lat' dir='ltr'><strong>tempore</strong></span> <span class='ocrx_word' id='word_1_21' title='bbox 400 345 453 376; x_wconf 91' lang='lat' dir='ltr'><strong>ac</strong></span> <span class='ocrx_word' id='word_1_22' title='bbox 481 327 586 375; x_wconf 92' lang='lat' dir='ltr'><strong>loco</strong></span> <span class='ocrx_word' id='word_1_23' title='bbox 609 324 748 374; x_wconf 84' lang='lat' dir='ltr'><strong>caedis</strong></span> <span class='ocrx_word' id='word_1_24' title='bbox 778 325 1024 391; x_wconf 85' lang='lat' dir='ltr'><strong>agitabant.</strong></span> <span class='ocrx_word' id='word_1_25' title='bbox 1093 325 1155 373; x_wconf 93' lang='lat' dir='ltr'><strong>Et</strong></span> <span class='ocrx_word' id='word_1_26' title='bbox 1185 332 1220 354; x_wconf 91' lang='lat'><strong>“</strong></span> <span class='ocrx_word' id='word_1_27' title='bbox 1242 328 1414 392; x_wconf 88' lang='lat' dir='ltr'><strong>cepisse</strong></span> <span class='ocrx_word' id='word_1_28' title='bbox 1443 330 1707 396; x_wconf 84' lang='lat' dir='ltr'><strong>impetum&#39;’</strong></span> 
     </span>
     <span class='ocr_line' id='line_1_6' title="bbox 154 401 1708 461; baseline 0.001 -3"><span class='ocrx_word' id='word_1_29' title='bbox 154 407 352 459; x_wconf 86' lang='lat' dir='ltr'>Subrius</span> <span class='ocrx_word' id='word_1_30' title='bbox 388 404 571 454; x_wconf 88' lang='lat' dir='ltr'><strong>Flavius</strong></span> <span class='ocrx_word' id='word_1_31' title='bbox 606 401 859 461; x_wconf 86' lang='lat' dir='ltr'><strong>ferebatur,</strong></span> <span class='ocrx_word' id='word_1_32' title='bbox 894 402 999 450; x_wconf 90' lang='lat' dir='ltr'><strong>“in</strong></span> <span class='ocrx_word' id='word_1_33' title='bbox 1033 419 1172 452; x_wconf 87' lang='lat' dir='ltr'><strong>scena</strong></span> <span class='ocrx_word' id='word_1_34' title='bbox 1202 418 1443 455; x_wconf 85' lang='lat' dir='ltr'>canentem</span> <span class='ocrx_word' id='word_1_35' title='bbox 1464 409 1708 467; x_wconf 88' lang='lat' dir='ltr'><strong>Neronem</strong></span> 
     </span>
    </p>

    <p class='ocr_par' dir='ltr' id='par_1_5' title="bbox 154 481 1709 862">
     <span class='ocr_line' id='line_1_7' title="bbox 213 481 1707 552; baseline 0.003 -19.173"><span class='ocrx_word' id='word_1_36' title='bbox 213 482 532 552; x_wconf 78' lang='lat' dir='ltr'><strong>aggrediendi,</strong></span> <span class='ocrx_word' id='word_1_37' title='bbox 565 493 646 530; x_wconf 91' lang='lat' dir='ltr'><strong>aut</strong></span> <span class='ocrx_word' id='word_1_38' title='bbox 679 498 812 540; x_wconf 88' lang='lat' dir='ltr'><strong>cum,</strong></span> <span class='ocrx_word' id='word_1_39' title='bbox 846 481 1037 530; x_wconf 87' lang='lat' dir='ltr'><strong>ardente</strong></span> <span class='ocrx_word' id='word_1_40' title='bbox 1070 481 1247 540; x_wconf 83' lang='lat' dir='ltr'><strong>dom0‚⁸</strong></span> <span class='ocrx_word' id='word_1_41' title='bbox 1282 499 1367 547; x_wconf 90' lang='lat' dir='ltr'><strong>per</strong></span> <span class='ocrx_word' id='word_1_42' title='bbox 1395 496 1582 535; x_wconf 90' lang='lat' dir='ltr'><strong>noctem</strong></span> <span class='ocrx_word' id='word_1_43' title='bbox 1613 487 1707 538; x_wconf 89' lang='lat' dir='ltr'><strong>huc</strong></span> 
     </span>
     <span class='ocr_line' id='line_1_8' title="bbox 156 556 1708 624; baseline 0.001 -14"><span class='ocrx_word' id='word_1_44' title='bbox 156 568 193 593; x_wconf 79' lang='lat'><strong>‘⁶</strong></span> <span class='ocrx_word' id='word_1_45' title='bbox 214 563 325 611; x_wconf 87' lang='lat' dir='ltr'><strong>illuc</strong></span> <span class='ocrx_word' id='word_1_46' title='bbox 349 571 554 611; x_wconf 87' lang='lat' dir='ltr'><strong>cursaret</strong></span> <span class='ocrx_word' id='word_1_47' title='bbox 575 559 931 607; x_wconf 89' lang='lat' dir='ltr'><strong>incustoditus.”</strong></span> <span class='ocrx_word' id='word_1_48' title='bbox 1000 556 1099 606; x_wconf 81' lang='lat' dir='ltr'><strong>I-nc</strong></span> <span class='ocrx_word' id='word_1_49' title='bbox 1122 558 1302 607; x_wconf 88' lang='lat' dir='ltr'><strong>occasio</strong></span> <span class='ocrx_word' id='word_1_50' title='bbox 1324 560 1608 624; x_wconf 87' lang='lat' dir='ltr'><strong>solitudinis3</strong></span> <span class='ocrx_word' id='word_1_51' title='bbox 1644 564 1708 614; x_wconf 92' lang='lat' dir='ltr'><strong>ibi</strong></span> 
     </span>
     <span class='ocr_line' id='line_1_9' title="bbox 154 630 1709 708; baseline -0.001 -17"><span class='ocrx_word' id='word_1_52' title='bbox 154 641 255 708; x_wconf 87' lang='lat' dir='ltr'><strong>ipsa</strong></span> <span class='ocrx_word' id='word_1_53' title='bbox 275 630 535 704; x_wconf 78' lang='lat' dir='ltr'><strong>frequentia</strong></span> <span class='ocrx_word' id='word_1_54' title='bbox 556 636 667 685; x_wconf 87' lang='lat' dir='ltr'><strong>tanti</strong></span> <span class='ocrx_word' id='word_1_55' title='bbox 690 635 871 685; x_wconf 90' lang='lat' dir='ltr'><strong>decoris</strong></span> <span class='ocrx_word' id='word_1_56' title='bbox 902 635 1045 695; x_wconf 90' lang='lat' dir='ltr'><strong>testis,</strong></span> <span class='ocrx_word' id='word_1_57' title='bbox 1080 636 1448 700; x_wconf 88' lang='lat' dir='ltr'><strong>pulcherrimum</strong></span> <span class='ocrx_word' id='word_1_58' title='bbox 1464 641 1677 690; x_wconf 78' lang='lat' dir='ltr'><strong>&#39;animum</strong></span> <span class='ocrx_word' id='word_1_59' title='bbox 1691 644 1709 665; x_wconf 79' lang='lat'>⁸</span> 
     </span>
     <span class='ocr_line' id='line_1_10' title="bbox 156 713 1709 786; baseline 0.001 -20"><span class='ocrx_word' id='word_1_60' title='bbox 156 717 593 770; x_wconf 83' lang='lat' dir='ltr'><strong>exstimulaverant:</strong></span> <span class='ocrx_word' id='word_1_61' title='bbox 629 714 715 762; x_wconf 91' lang='lat' dir='ltr'><strong>nisi</strong></span> <span class='ocrx_word' id='word_1_62' title='bbox 737 713 1019 778; x_wconf 87' lang='lat' dir='ltr'><strong>impunitatis</strong></span> <span class='ocrx_word' id='word_1_63' title='bbox 1041 714 1212 779; x_wconf 88' lang='lat' dir='ltr'><strong>cupido</strong></span> <span class='ocrx_word' id='word_1_64' title='bbox 1238 715 1514 778; x_wconf 87' lang='lat' dir='ltr'><strong>retinuisset,</strong></span> <span class='ocrx_word' id='word_1_65' title='bbox 1530 719 1709 786; x_wconf 89' lang='lat' dir='ltr'><strong>magnis</strong></span> 
     </span>
     <span class='ocr_line' id='line_1_11' title="bbox 157 793 833 862; baseline -0.007 -15"><span class='ocrx_word' id='word_1_66' title='bbox 157 794 605 862; x_wconf 79' lang='lat' dir='ltr'><strong>semperconatibus</strong></span> <span class='ocrx_word' id='word_1_67' title='bbox 628 793 833 842; x_wconf 80' lang='lat' dir='ltr'><strong>adversa.</strong></span> 
     </span>
    </p>
   </div>
   <div class='ocr_carea' id='block_1_5' title="bbox 154 951 1717 1800">
    <p class='ocr_par' dir='ltr' id='par_1_6' title="bbox 154 951 1717 1800">
     <span class='ocr_line' id='line_1_12' title="bbox 160 951 1710 1020; baseline 0 -18"><span class='ocrx_word' id='word_1_68' title='bbox 160 987 164 991; x_wconf 77' lang='lat'><em>,</em></span> <span class='ocrx_word' id='word_1_69' title='bbox 225 959 309 1002; x_wconf 79' lang='lat'><strong>51.</strong></span> <span class='ocrx_word' id='word_1_70' title='bbox 360 952 598 1001; x_wconf 81' lang='lat' dir='ltr'>INTERIM</span> <span class='ocrx_word' id='word_1_71' title='bbox 658 951 980 1002; x_wconf 84' lang='lat' dir='ltr'><strong>cunctantibus</strong></span> <span class='ocrx_word' id='word_1_72' title='bbox 1024 952 1448 1020; x_wconf 86' lang='lat' dir='ltr'><strong>prolatantibusque</strong></span> <span class='ocrx_word' id='word_1_73' title='bbox 1485 970 1617 1019; x_wconf 88' lang='lat' dir='ltr'><strong>spem</strong></span> <span class='ocrx_word' id='word_1_74' title='bbox 1655 970 1710 1003; x_wconf 90' lang='lat' dir='ltr'><strong>ac</strong></span> 
     </span>
     <span class='ocr_line' id='line_1_13' title="bbox 158 1030 1711 1099; baseline -0.002 -17"><span class='ocrx_word' id='word_1_75' title='bbox 158 1043 357 1099; x_wconf 80' lang='lat' dir='ltr'><strong>metum,</strong></span> <span class='ocrx_word' id='word_1_76' title='bbox 390 1030 630 1095; x_wconf 89' lang='lat' dir='ltr'><strong>Epicharis</strong></span> <span class='ocrx_word' id='word_1_77' title='bbox 653 1032 887 1096; x_wconf 74' lang='lat' dir='ltr'><strong>quaedam,</strong></span> <span class='ocrx_word' id='word_1_78' title='bbox 922 1031 1151 1080; x_wconf 88' lang='lat' dir='ltr'><strong>incertum</strong></span> <span class='ocrx_word' id='word_1_79' title='bbox 1175 1049 1378 1097; x_wconf 92' lang='lat' dir='ltr'><strong>quonam</strong></span> <span class='ocrx_word' id='word_1_80' title='bbox 1396 1033 1539 1081; x_wconf 90' lang='lat' dir='ltr'><strong>modo</strong></span> <span class='ocrx_word' id='word_1_81' title='bbox 1562 1032 1711 1080; x_wconf 88' lang='lat' dir='ltr'><strong>scisci-</strong></span> 
     </span>
     <span class='ocr_line' id='line_1_14' title="bbox 157 1108 1709 1175; baseline -0.002 -15"><span class='ocrx_word' id='word_1_82' title='bbox 157 1121 268 1170; x_wconf 73' lang='lat' dir='ltr'><strong>tata,</strong></span> <span class='ocrx_word' id='word_1_83' title='bbox 301 1111 479 1175; x_wconf 88' lang='lat' dir='ltr'><strong>(neque</strong></span> <span class='ocrx_word' id='word_1_84' title='bbox 499 1108 565 1157; x_wconf 92' lang='lat' dir='ltr'><strong>illi</strong></span> <span class='ocrx_word' id='word_1_85' title='bbox 587 1109 692 1158; x_wconf 64' lang='lat' dir='ltr'><strong>ante</strong></span> <span class='ocrx_word' id='word_1_86' title='bbox 726 1110 821 1157; x_wconf 89' lang='lat' dir='ltr'><strong>ulla</strong></span> <span class='ocrx_word' id='word_1_87' title='bbox 855 1126 1014 1159; x_wconf 91' lang='lat' dir='ltr'><strong>rerum</strong></span> <span class='ocrx_word' id='word_1_88' title='bbox 1050 1111 1350 1159; x_wconf 87' lang='lat' dir='ltr'><strong>honestarum</strong></span> <span class='ocrx_word' id='word_1_89' title='bbox 1386 1127 1499 1159; x_wconf 85' lang='lat' dir='ltr'><strong>cura</strong></span> <span class='ocrx_word' id='word_1_90' title='bbox 1533 1109 1709 1171; x_wconf 89' lang='lat' dir='ltr'><strong>fuerat)</strong></span> 
     </span>
     <span class='ocr_line' id='line_1_15' title="bbox 156 1187 1714 1253; baseline -0.002 -15"><span class='ocrx_word' id='word_1_91' title='bbox 156 1187 431 1246; x_wconf 80' lang='lat' dir='ltr'><strong>accendere,</strong></span> <span class='ocrx_word' id='word_1_92' title='bbox 464 1198 510 1235; x_wconf 90' lang='lat' dir='ltr'><strong>et</strong></span> <span class='ocrx_word' id='word_1_93' title='bbox 531 1203 742 1253; x_wconf 72' lang='lat' dir='ltr'><strong>arguere</strong></span> <span class='ocrx_word' id='word_1_94' title='bbox 760 1188 1052 1253; x_wconf 85' lang='lat' dir='ltr'><strong>conjuratos:</strong></span> <span class='ocrx_word' id='word_1_95' title='bbox 1089 1205 1142 1236; x_wconf 93' lang='lat' dir='ltr'><strong>ac</strong></span> <span class='ocrx_word' id='word_1_96' title='bbox 1166 1188 1405 1253; x_wconf 76' lang='lat' dir='ltr'><strong>postremo</strong></span> <span class='ocrx_word' id='word_1_97' title='bbox 1430 1187 1714 1236; x_wconf 80' lang='lat' dir='ltr'><strong>lentitudinis</strong></span> 
     </span>
     <span class='ocr_line' id='line_1_16' title="bbox 157 1265 1712 1332; baseline -0.003 -16"><span class='ocrx_word' id='word_1_98' title='bbox 157 1281 324 1316; x_wconf 83' lang='lat' dir='ltr'><strong>eorum</strong></span> <span class='ocrx_word' id='word_1_99' title='bbox 346 1275 556 1330; x_wconf 68' lang='lat' dir='ltr'><strong>pertaesa,</strong></span> <span class='ocrx_word' id='word_1_100' title='bbox 592 1277 638 1313; x_wconf 89' lang='lat' dir='ltr'><strong>et</strong></span> <span class='ocrx_word' id='word_1_101' title='bbox 672 1266 721 1313; x_wconf 92' lang='lat' dir='ltr'><strong>in</strong></span> <span class='ocrx_word' id='word_1_102' title='bbox 758 1265 1014 1331; x_wconf 66' lang='lat' dir='ltr'><strong>Campania</strong></span> <span class='ocrx_word' id='word_1_103' title='bbox 1048 1282 1189 1332; x_wconf 86' lang='lat' dir='ltr'><strong>agens</strong></span> <span class='ocrx_word' id='word_1_104' title='bbox 1222 1266 1450 1330; x_wconf 88' lang='lat' dir='ltr'><strong>primores</strong></span> <span class='ocrx_word' id='word_1_105' title='bbox 1478 1265 1712 1315; x_wconf 89' lang='lat' dir='ltr'><strong>Classiari-</strong></span> 
     </span>
     <span class='ocr_line' id='line_1_17' title="bbox 154 1342 1712 1410; baseline -0.002 -17"><span class='ocrx_word' id='word_1_106' title='bbox 154 1359 298 1393; x_wconf 86' lang='lat' dir='ltr'><strong>orum</strong></span> <span class='ocrx_word' id='word_1_107' title='bbox 317 1342 653 1392; x_wconf 87' lang='lat' dir='ltr'><strong>Misenensium</strong></span> <span class='ocrx_word' id='word_1_108' title='bbox 668 1346 681 1372; x_wconf 87' lang='lat'><em>³</em></span> <span class='ocrx_word' id='word_1_109' title='bbox 709 1343 983 1404; x_wconf 87' lang='lat' dir='ltr'><strong>labefacere,</strong></span> <span class='ocrx_word' id='word_1_110' title='bbox 1019 1356 1064 1392; x_wconf 92' lang='lat' dir='ltr'><strong>et</strong></span> <span class='ocrx_word' id='word_1_111' title='bbox 1086 1343 1365 1392; x_wconf 68' lang='lat' dir='ltr'><strong>conscientia</strong></span> <span class='ocrx_word' id='word_1_112' title='bbox 1387 1343 1580 1410; x_wconf 88' lang='lat' dir='ltr'><strong>inligare</strong></span> <span class='ocrx_word' id='word_1_113' title='bbox 1602 1358 1712 1391; x_wconf 92' lang='lat' dir='ltr'><strong>con-</strong></span> 
     </span>
     <span class='ocr_line' id='line_1_18' title="bbox 156 1420 1713 1471; baseline -0.001 0"><span class='ocrx_word' id='word_1_114' title='bbox 156 1421 270 1471; x_wconf 78' lang='lat' dir='ltr'><strong>nixa</strong></span> <span class='ocrx_word' id='word_1_115' title='bbox 289 1432 366 1470; x_wconf 66' lang='lat' dir='ltr'><strong>aet.</strong></span> <span class='ocrx_word' id='word_1_116' title='bbox 379 1420 459 1470; x_wconf 87' lang='lat' dir='ltr'><strong>tali</strong></span> <span class='ocrx_word' id='word_1_117' title='bbox 473 1421 615 1469; x_wconf 89' lang='lat' dir='ltr'><strong>initio.</strong></span> <span class='ocrx_word' id='word_1_118' title='bbox 685 1422 797 1470; x_wconf 89' lang='lat' dir='ltr'><strong>Erat</strong></span> <span class='ocrx_word' id='word_1_119' title='bbox 823 1421 1116 1470; x_wconf 90' lang='lat' dir='ltr'><strong>Chiliarchus</strong></span> <span class='ocrx_word' id='word_1_120' title='bbox 1129 1425 1148 1450; x_wconf 78' lang='lat'><strong>⁴</strong></span> <span class='ocrx_word' id='word_1_121' title='bbox 1180 1422 1229 1470; x_wconf 90' lang='lat' dir='ltr'><strong>in</strong></span> <span class='ocrx_word' id='word_1_122' title='bbox 1251 1421 1307 1470; x_wconf 68' lang='lat' dir='ltr'><strong>ea</strong></span> <span class='ocrx_word' id='word_1_123' title='bbox 1331 1422 1472 1470; x_wconf 89' lang='lat' dir='ltr'><strong>classe</strong></span> <span class='ocrx_word' id='word_1_124' title='bbox 1491 1420 1713 1469; x_wconf 91' lang='lat' dir='ltr'><strong>Volusius</strong></span> 
     </span>
     <span class='ocr_line' id='line_1_19' title="bbox 156 1499 1714 1559; baseline -0.002 -9"><span class='ocrx_word' id='word_1_125' title='bbox 156 1499 404 1559; x_wconf 88' lang='lat' dir='ltr'><strong>Proculus,</strong></span> <span class='ocrx_word' id='word_1_126' title='bbox 438 1499 706 1549; x_wconf 85' lang='lat' dir='ltr'><strong>occidendae</strong></span> <span class='ocrx_word' id='word_1_127' title='bbox 724 1500 881 1549; x_wconf 89' lang='lat' dir='ltr'><strong>matris</strong></span> <span class='ocrx_word' id='word_1_128' title='bbox 902 1500 1106 1549; x_wconf 90' lang='lat' dir='ltr'><strong>Neronis</strong></span> <span class='ocrx_word' id='word_1_129' title='bbox 1123 1500 1243 1548; x_wconf 91' lang='lat' dir='ltr'><strong>inter</strong></span> <span class='ocrx_word' id='word_1_130' title='bbox 1264 1499 1515 1559; x_wconf 90' lang='lat' dir='ltr'><strong>ministros,</strong></span> <span class='ocrx_word' id='word_1_131' title='bbox 1536 1514 1635 1547; x_wconf 91' lang='lat' dir='ltr'><strong>non</strong></span> <span class='ocrx_word' id='word_1_132' title='bbox 1651 1514 1714 1547; x_wconf 87' lang='lat' dir='ltr'><strong>ex</strong></span> 
     </span>
     <span class='ocr_line' id='line_1_20' title="bbox 157 1574 1716 1644; baseline -0.002 -17"><span class='ocrx_word' id='word_1_133' title='bbox 157 1577 477 1644; x_wconf 80' lang='lat' dir='ltr'><strong>magnitudine</strong></span> <span class='ocrx_word' id='word_1_134' title='bbox 520 1577 705 1626; x_wconf 89' lang='lat' dir='ltr'><strong>sceleris</strong></span> <span class='ocrx_word' id='word_1_135' title='bbox 743 1589 1008 1643; x_wconf 82' lang='lat' dir='ltr'><strong>provectus,</strong></span> <span class='ocrx_word' id='word_1_136' title='bbox 1058 1589 1111 1626; x_wconf 90' lang='lat' dir='ltr'><strong>ut</strong></span> <span class='ocrx_word' id='word_1_137' title='bbox 1155 1579 1357 1627; x_wconf 90' lang='lat' dir='ltr'><strong>rebatur.</strong></span> <span class='ocrx_word' id='word_1_138' title='bbox 1443 1579 1488 1626; x_wconf 93' lang='lat' dir='ltr'><strong>Is</strong></span> <span class='ocrx_word' id='word_1_139' title='bbox 1532 1574 1716 1625; x_wconf 89' lang='lat' dir='ltr'><strong>mulieri</strong></span> 
     </span>
     <span class='ocr_line' id='line_1_21' title="bbox 157 1655 1717 1722; baseline -0.001 -17"><span class='ocrx_word' id='word_1_140' title='bbox 157 1655 393 1722; x_wconf 83' lang='lat' dir='ltr'><strong>cognitus,</strong></span> <span class='ocrx_word' id='word_1_141' title='bbox 425 1672 507 1704; x_wconf 90' lang='lat' dir='ltr'><strong>seu</strong></span> <span class='ocrx_word' id='word_1_142' title='bbox 530 1672 692 1705; x_wconf 89' lang='lat' dir='ltr'><strong>recens</strong></span> <span class='ocrx_word' id='word_1_143' title='bbox 714 1655 817 1705; x_wconf 67' lang='lat' dir='ltr'><strong>orta</strong></span> <span class='ocrx_word' id='word_1_144' title='bbox 839 1656 1054 1716; x_wconf 68' lang='lat' dir='ltr'><strong>amicitia,</strong></span> <span class='ocrx_word' id='word_1_145' title='bbox 1088 1657 1203 1705; x_wconf 85' lang='lat' dir='ltr'><strong>dum</strong></span> <span class='ocrx_word' id='word_1_146' title='bbox 1241 1662 1275 1685; x_wconf 75' lang='lat'><strong>‘⁶</strong></span> <span class='ocrx_word' id='word_1_147' title='bbox 1298 1655 1461 1705; x_wconf 91' lang='lat' dir='ltr'><strong>merita</strong></span> <span class='ocrx_word' id='word_1_148' title='bbox 1486 1671 1598 1720; x_wconf 87' lang='lat' dir='ltr'><strong>erga</strong></span> <span class='ocrx_word' id='word_1_149' title='bbox 1618 1655 1717 1704; x_wconf 91' lang='lat' dir='ltr'><strong>Ne·</strong></span> 
     </span>
     <span class='ocr_line' id='line_1_22' title="bbox 160 1732 1717 1800; baseline -0.002 -18"><span class='ocrx_word' id='word_1_150' title='bbox 160 1739 384 1782; x_wconf 46' lang='lat' dir='ltr'><strong>“,ronem</strong></span> <span class='ocrx_word' id='word_1_151' title='bbox 406 1750 506 1794; x_wconf 89' lang='lat' dir='ltr'><strong>sua,</strong></span> <span class='ocrx_word' id='word_1_152' title='bbox 540 1746 586 1783; x_wconf 90' lang='lat' dir='ltr'><strong>et</strong></span> <span class='ocrx_word' id='word_1_153' title='bbox 609 1734 754 1800; x_wconf 68' lang='lat' dir='ltr'><strong>quam</strong></span> <span class='ocrx_word' id='word_1_154' title='bbox 783 1734 832 1783; x_wconf 92' lang='lat' dir='ltr'><strong>in</strong></span> <span class='ocrx_word' id='word_1_155' title='bbox 854 1735 1046 1783; x_wconf 91' lang='lat' dir='ltr'><strong>inritum</strong></span> <span class='ocrx_word' id='word_1_156' title='bbox 1068 1734 1390 1794; x_wconf 89' lang='lat' dir='ltr'><strong>cecidissent‚”</strong></span> <span class='ocrx_word' id='word_1_157' title='bbox 1414 1732 1577 1799; x_wconf 88' lang='lat' dir='ltr'><strong>aperit,</strong></span> <span class='ocrx_word' id='word_1_158' title='bbox 1605 1732 1717 1798; x_wconf 88' lang='lat' dir='ltr'><strong>adji-</strong></span> 
     </span>
    </p>
   </div>
   <div class='ocr_carea' id='block_1_6' title="bbox 84 1803 1719 1877">
    <p class='ocr_par' dir='ltr' id='par_1_7' title="bbox 84 1803 1719 1877">
     <span class='ocr_line' id='line_1_23' title="bbox 84 1803 1719 1877; baseline -0.002 -16"><span class='ocrx_word' id='word_1_159' title='bbox 84 1814 86 1816; x_wconf 73' lang='grc'>’</span> <span class='ocrx_word' id='word_1_160' title='bbox 159 1811 315 1877; x_wconf 87' lang='lat' dir='ltr'><strong>citque</strong></span> <span class='ocrx_word' id='word_1_161' title='bbox 332 1803 603 1877; x_wconf 61' lang='lat' dir='ltr'><strong>questus,&#39;et</strong></span> <span class='ocrx_word' id='word_1_162' title='bbox 627 1818 660 1841; x_wconf 91' lang='lat'><strong>“</strong></span> <span class='ocrx_word' id='word_1_163' title='bbox 678 1812 1028 1861; x_wconf 89' lang='lat' dir='ltr'><strong>destinationem</strong></span> <span class='ocrx_word' id='word_1_164' title='bbox 1055 1812 1287 1871; x_wconf 87' lang='lat' dir='ltr'><strong>vindictae,</strong></span> <span class='ocrx_word' id='word_1_165' title='bbox 1310 1812 1346 1860; x_wconf 93' lang='lat' dir='ltr'><strong>si</strong></span> <span class='ocrx_word' id='word_1_166' title='bbox 1360 1809 1553 1872; x_wconf 86' lang='lat' dir='ltr'><strong>facultas</strong></span> <span class='ocrx_word' id='word_1_167' title='bbox 1574 1809 1719 1858; x_wconf 89' lang='lat' dir='ltr'><strong>orire-</strong></span> 
     </span>
    </p>
   </div>
   <div class='ocr_carea' id='block_1_7' title="bbox 158 1888 1719 2192">
    <p class='ocr_par' dir='ltr' id='par_1_8' title="bbox 158 1888 1719 2192">
     <span class='ocr_line' id='line_1_24' title="bbox 158 1888 1716 1955; baseline -0.001 -18"><span class='ocrx_word' id='word_1_168' title='bbox 158 1895 195 1919; x_wconf 86' lang='lat'><strong>“</strong></span> <span class='ocrx_word' id='word_1_169' title='bbox 217 1889 349 1950; x_wconf 86' lang='lat' dir='ltr'><strong>tur,’&#39;</strong></span> <span class='ocrx_word' id='word_1_170' title='bbox 367 1906 499 1954; x_wconf 89' lang='lat' dir='ltr'><strong>spem</strong></span> <span class='ocrx_word' id='word_1_171' title='bbox 521 1889 648 1938; x_wconf 91' lang='lat' dir='ltr'><strong>dedit</strong></span> <span class='ocrx_word' id='word_1_172' title='bbox 663 1907 798 1954; x_wconf 90' lang='lat' dir='ltr'><strong>posse</strong></span> <span class='ocrx_word' id='word_1_173' title='bbox 820 1890 995 1955; x_wconf 89' lang='lat' dir='ltr'><strong>impelli</strong></span> <span class='ocrx_word' id='word_1_174' title='bbox 1018 1901 1064 1938; x_wconf 91' lang='lat' dir='ltr'><strong>et</strong></span> <span class='ocrx_word' id='word_1_175' title='bbox 1085 1890 1243 1955; x_wconf 91' lang='lat' dir='ltr'><strong>plures</strong></span> <span class='ocrx_word' id='word_1_176' title='bbox 1260 1888 1535 1938; x_wconf 86' lang='lat' dir='ltr'><strong>conciliare:</strong></span> <span class='ocrx_word' id='word_1_177' title='bbox 1574 1892 1603 1914; x_wconf 74' lang='lat'><strong>‘⁸&#39;</strong></span> <span class='ocrx_word' id='word_1_178' title='bbox 1627 1904 1716 1937; x_wconf 91' lang='lat' dir='ltr'><strong>nec</strong></span> 
     </span>
     <span class='ocr_line' id='line_1_25' title="bbox 159 1959 1719 2032; baseline -0.001 -16"><span class='ocrx_word' id='word_1_179' title='bbox 159 1971 196 1996; x_wconf 77' lang='lat'><strong>‘⁶</strong></span> <span class='ocrx_word' id='word_1_180' title='bbox 218 1967 322 2017; x_wconf 84' lang='lat' dir='ltr'><strong>leve</strong></span> <span class='ocrx_word' id='word_1_181' title='bbox 342 1967 570 2016; x_wconf 87' lang='lat' dir='ltr'><strong>auxilium</strong></span> <span class='ocrx_word' id='word_1_182' title='bbox 592 1968 641 2019; x_wconf 89' lang='lat' dir='ltr'><strong>in</strong></span> <span class='ocrx_word' id='word_1_183' title='bbox 663 1969 838 2030; x_wconf 78' lang='lat' dir='ltr'><strong>classe3</strong></span> <span class='ocrx_word' id='word_1_184' title='bbox 875 1971 1061 2018; x_wconf 90' lang='lat' dir='ltr'><strong>crebras</strong></span> <span class='ocrx_word' id='word_1_185' title='bbox 1083 1969 1399 2027; x_wconf 89' lang='lat' dir='ltr'><strong>occasiones,&#39;’</strong></span> <span class='ocrx_word' id='word_1_186' title='bbox 1416 1970 1431 1996; x_wconf 85' lang='lat'><em>⁵</em></span> <span class='ocrx_word' id='word_1_187' title='bbox 1455 1959 1563 2032; x_wconf 87' lang='lat' dir='ltr'><strong>quia</strong></span> <span class='ocrx_word' id='word_1_188' title='bbox 1583 1966 1719 2015; x_wconf 88' lang='lat' dir='ltr'><strong>Nero</strong></span> 
     </span>
     <span class='ocr_line' id='line_1_26' title="bbox 159 2045 1716 2110; baseline -0.002 -15"><span class='ocrx_word' id='word_1_189' title='bbox 159 2045 312 2095; x_wconf 87' lang='lat' dir='ltr'><strong>multo</strong></span> <span class='ocrx_word' id='word_1_190' title='bbox 346 2045 472 2110; x_wconf 83' lang='lat' dir='ltr'><strong>apud</strong></span> <span class='ocrx_word' id='word_1_191' title='bbox 510 2046 731 2095; x_wconf 89' lang='lat' dir='ltr'><strong>Puteolos</strong></span> <span class='ocrx_word' id='word_1_192' title='bbox 776 2058 822 2094; x_wconf 91' lang='lat' dir='ltr'><strong>et</strong></span> <span class='ocrx_word' id='word_1_193' title='bbox 866 2046 1103 2095; x_wconf 92' lang='lat' dir='ltr'><strong>Misenum</strong></span> <span class='ocrx_word' id='word_1_194' title='bbox 1143 2045 1281 2094; x_wconf 89' lang='lat' dir='ltr'><strong>maris</strong></span> <span class='ocrx_word' id='word_1_195' title='bbox 1326 2062 1415 2094; x_wconf 90' lang='lat' dir='ltr'><strong>usu</strong></span> <span class='ocrx_word' id='word_1_196' title='bbox 1458 2045 1716 2092; x_wconf 82' lang='lat' dir='ltr'><strong>laetabatur.</strong></span> 
     </span>
     <span class='ocr_line' id='line_1_27' title="bbox 159 2120 1715 2192; baseline -0.002 -21"><span class='ocrx_word' id='word_1_197' title='bbox 159 2122 294 2190; x_wconf 73' lang='lat' dir='ltr'><strong>Ergo</strong></span> <span class='ocrx_word' id='word_1_198' title='bbox 316 2122 555 2192; x_wconf 88' lang='lat' dir='ltr'><strong>Epicharis</strong></span> <span class='ocrx_word' id='word_1_199' title='bbox 576 2125 740 2189; x_wconf 86' lang='lat' dir='ltr'><strong>plura:</strong></span> <span class='ocrx_word' id='word_1_200' title='bbox 777 2137 822 2172; x_wconf 89' lang='lat' dir='ltr'><strong>et</strong></span> <span class='ocrx_word' id='word_1_201' title='bbox 853 2125 1007 2173; x_wconf 89' lang='lat' dir='ltr'><strong>omnia</strong></span> <span class='ocrx_word' id='word_1_202' title='bbox 1041 2124 1215 2174; x_wconf 88' lang='lat' dir='ltr'><strong>scelera</strong></span> <span class='ocrx_word' id='word_1_203' title='bbox 1247 2122 1472 2188; x_wconf 90' lang='lat' dir='ltr'><strong>Principis</strong></span> <span class='ocrx_word' id='word_1_204' title='bbox 1505 2120 1715 2170; x_wconf 88' lang='lat' dir='ltr'><strong>orditur:</strong></span> 
     </span>
    </p>
   </div>
   <div class='ocr_carea' id='block_1_8' title="bbox 119 2198 1718 2268">
    <p class='ocr_par' dir='ltr' id='par_1_9' title="bbox 119 2198 1718 2268">
     <span class='ocr_line' id='line_1_28' title="bbox 119 2198 1718 2268; baseline -0.003 -17"><span class='ocrx_word' id='word_1_205' title='bbox 119 2259 122 2261; x_wconf 43' lang='grc'><em>,</em></span> <span class='ocrx_word' id='word_1_206' title='bbox 162 2206 198 2232; x_wconf 87' lang='grc'><strong>“</strong></span> <span class='ocrx_word' id='word_1_207' title='bbox 218 2202 392 2267; x_wconf 88' lang='lat' dir='ltr'><strong>Neque</strong></span> <span class='ocrx_word' id='word_1_208' title='bbox 413 2201 593 2251; x_wconf 89' lang='lat' dir='ltr'><strong>senatui</strong></span> <span class='ocrx_word' id='word_1_209' title='bbox 610 2202 724 2268; x_wconf 91' lang='lat' dir='ltr'><strong>quid</strong></span> <span class='ocrx_word' id='word_1_210' title='bbox 741 2199 966 2263; x_wconf 87' lang='lat' dir='ltr'><strong>manere‚⁶</strong></span> <span class='ocrx_word' id='word_1_211' title='bbox 989 2203 1072 2251; x_wconf 92' lang='lat' dir='ltr'><strong>sed</strong></span> <span class='ocrx_word' id='word_1_212' title='bbox 1089 2201 1327 2268; x_wconf 83' lang='lat' dir='ltr'><strong>provisum</strong></span> <span class='ocrx_word' id='word_1_213' title='bbox 1345 2215 1551 2266; x_wconf 90' lang='lat' dir='ltr'><strong>quonam</strong></span> <span class='ocrx_word' id='word_1_214' title='bbox 1574 2198 1718 2248; x_wconf 90' lang='lat' dir='ltr'><strong>modo</strong></span> 
     </span>
    </p>
   </div>
   <div class='ocr_carea' id='block_1_9' title="bbox 220 2366 1101 2410">
    <p class='ocr_par' dir='ltr' id='par_1_10' title="bbox 220 2366 1101 2410">
     <span class='ocr_line' id='line_1_29' title="bbox 220 2366 1101 2410; baseline 0.002 -2"><span class='ocrx_word' id='word_1_215' title='bbox 220 2366 234 2384; x_wconf 84' lang='lat'><em>¹</em></span> <span class='ocrx_word' id='word_1_216' title='bbox 254 2369 427 2409; x_wconf 82' lang='lat' dir='ltr'><strong>Ardente</strong></span> <span class='ocrx_word' id='word_1_217' title='bbox 443 2370 561 2409; x_wconf 84' lang='lat' dir='ltr'><strong>domo.</strong></span> <span class='ocrx_word' id='word_1_218' title='bbox 586 2366 755 2410; x_wconf 85' lang='lat' dir='ltr'><strong>Neronis&#39;</strong></span> <span class='ocrx_word' id='word_1_219' title='bbox 773 2371 906 2410; x_wconf 89' lang='lat' dir='ltr'><strong>domui</strong></span> <span class='ocrx_word' id='word_1_220' title='bbox 983 2384 1043 2410; x_wconf 91' lang='lat' dir='ltr'><strong>1v.</strong></span> <span class='ocrx_word' id='word_1_221' title='bbox 1064 2375 1101 2410; x_wconf 88' lang='grc'><strong>5.</strong></span> 
     </span>
    </p>
   </div>
   <div class='ocr_carea' id='block_1_10' title="bbox 163 2419 1725 2572">
    <p class='ocr_par' dir='ltr' id='par_1_11' title="bbox 163 2419 1725 2572">
     <span class='ocr_line' id='line_1_30' title="bbox 163 2419 1725 2474; baseline -0.002 -14"><span class='ocrx_word' id='word_1_222' title='bbox 163 2420 291 2473; x_wconf 84' lang='lat' dir='ltr'><strong>ignem</strong></span> <span class='ocrx_word' id='word_1_223' title='bbox 305 2423 464 2474; x_wconf 84' lang='lat' dir='ltr'><strong>injicere</strong></span> <span class='ocrx_word' id='word_1_224' title='bbox 483 2425 773 2473; x_wconf 83' lang='lat' dir='ltr'><strong>destinaverant,</strong></span> <span class='ocrx_word' id='word_1_225' title='bbox 805 2434 848 2463; x_wconf 90' lang='lat' dir='ltr'><strong>ut</strong></span> <span class='ocrx_word' id='word_1_226' title='bbox 868 2426 907 2463; x_wconf 92' lang='lat' dir='ltr'><strong>in</strong></span> <span class='ocrx_word' id='word_1_227' title='bbox 1034 2425 1052 2446; x_wconf 74' lang='lat'><strong>⁴</strong></span> <span class='ocrx_word' id='word_1_228' title='bbox 1075 2422 1267 2464; x_wconf 72' lang='lat' dir='ltr'><strong>Chiliarcl.</strong></span> <span class='ocrx_word' id='word_1_229' title='bbox 1272 2438 1326 2463; x_wconf 77' lang='lat' dir='ltr'><strong>us.</strong></span> <span class='ocrx_word' id='word_1_230' title='bbox 1356 2423 1438 2471; x_wconf 86' lang='lat' dir='ltr'><strong>Qui</strong></span> <span class='ocrx_word' id='word_1_231' title='bbox 1468 2421 1575 2462; x_wconf 70' lang='lat' dir='ltr'><strong>mille</strong></span> <span class='ocrx_word' id='word_1_232' title='bbox 1590 2419 1725 2459; x_wconf 84' lang='lat' dir='ltr'><strong>militi-</strong></span> 
     </span>
     <span class='ocr_line' id='line_1_31' title="bbox 165 2476 1220 2531; baseline 0.003 -17"><span class='ocrx_word' id='word_1_233' title='bbox 165 2476 340 2516; x_wconf 87' lang='lat' dir='ltr'><strong>tumultu</strong></span> <span class='ocrx_word' id='word_1_234' title='bbox 377 2478 483 2516; x_wconf 88' lang='lat' dir='ltr'><strong>Nero</strong></span> <span class='ocrx_word' id='word_1_235' title='bbox 527 2478 680 2518; x_wconf 73' lang='lat' dir='ltr'><strong>facilius</strong></span> <span class='ocrx_word' id='word_1_236' title='bbox 723 2479 909 2518; x_wconf 82' lang='lat' dir='ltr'><strong>interfice·</strong></span> <span class='ocrx_word' id='word_1_237' title='bbox 983 2483 1054 2519; x_wconf 91' lang='lat' dir='ltr'><strong>bus</strong></span> <span class='ocrx_word' id='word_1_238' title='bbox 1072 2488 1220 2531; x_wconf 74' lang='lat' dir='ltr'><strong>piaeest.</strong></span> 
     </span>
     <span class='ocr_line' id='line_1_32' title="bbox 163 2528 1722 2572; baseline -0.003 -3"><span class='ocrx_word' id='word_1_239' title='bbox 163 2536 286 2569; x_wconf 83' lang='lat' dir='ltr'><strong>retur.</strong></span> <span class='ocrx_word' id='word_1_240' title='bbox 1040 2533 1051 2554; x_wconf 87' lang='lat'><em>⁵</em></span> <span class='ocrx_word' id='word_1_241' title='bbox 1084 2534 1246 2572; x_wconf 77' lang='lat' dir='ltr'><strong>Crebros</strong></span> <span class='ocrx_word' id='word_1_242' title='bbox 1274 2532 1496 2570; x_wconf 80' lang='lat' dir='ltr'><strong>occasiones.</strong></span> <span class='ocrx_word' id='word_1_243' title='bbox 1528 2532 1612 2569; x_wconf 89' lang='lat' dir='ltr'><strong>Nec</strong></span> <span class='ocrx_word' id='word_1_244' title='bbox 1641 2528 1722 2566; x_wconf 89' lang='lat' dir='ltr'><strong>leve</strong></span> 
     </span>
    </p>
   </div>
   <div class='ocr_carea' id='block_1_11' title="bbox 163 2580 1728 2975">
    <p class='ocr_par' dir='ltr' id='par_1_12' title="bbox 163 2580 1728 2907">
     <span class='ocr_line' id='line_1_33' title="bbox 220 2580 1723 2634; baseline -0.002 -10.937"><span class='ocrx_word' id='word_1_245' title='bbox 220 2580 552 2625; x_wconf 70' lang='lat' dir='ltr'><strong>&#39;Pulcherrimum</strong></span> <span class='ocrx_word' id='word_1_246' title='bbox 564 2588 738 2626; x_wconf 78' lang='lat' dir='ltr'><strong>animum.</strong></span> <span class='ocrx_word' id='word_1_247' title='bbox 748 2588 907 2634; x_wconf 79' lang='lat' dir='ltr'><strong>Quanto</strong></span> <span class='ocrx_word' id='word_1_248' title='bbox 984 2589 1161 2627; x_wconf 80' lang='lat' dir='ltr'><strong>futurum</strong></span> <span class='ocrx_word' id='word_1_249' title='bbox 1199 2600 1276 2626; x_wconf 83' lang='lat' dir='ltr'><strong>esse</strong></span> <span class='ocrx_word' id='word_1_250' title='bbox 1307 2586 1502 2624; x_wconf 83' lang='lat' dir='ltr'><strong>auxilium</strong></span> <span class='ocrx_word' id='word_1_251' title='bbox 1534 2586 1574 2622; x_wconf 89' lang='lat' dir='ltr'><strong>in</strong></span> <span class='ocrx_word' id='word_1_252' title='bbox 1602 2583 1723 2622; x_wconf 82' lang='lat' dir='ltr'><strong>classe</strong></span> 
     </span>
     <span class='ocr_line' id='line_1_34' title="bbox 164 2637 1724 2690; baseline -0.001 -14"><span class='ocrx_word' id='word_1_253' title='bbox 164 2637 278 2677; x_wconf 84' lang='lat' dir='ltr'><strong>nobis</strong></span> <span class='ocrx_word' id='word_1_254' title='bbox 296 2639 425 2677; x_wconf 82' lang='lat' dir='ltr'><strong>sanior</strong></span> <span class='ocrx_word' id='word_1_255' title='bbox 443 2648 549 2678; x_wconf 80' lang='lat' dir='ltr'><strong>mens</strong></span> <span class='ocrx_word' id='word_1_256' title='bbox 571 2654 721 2680; x_wconf 85' lang='lat' dir='ltr'><strong>sacram</strong></span> <span class='ocrx_word' id='word_1_257' title='bbox 748 2642 909 2681; x_wconf 82' lang='lat' dir='ltr'><strong>inviola-</strong></span> <span class='ocrx_word' id='word_1_258' title='bbox 985 2642 1222 2688; x_wconf 79' lang='lat' dir='ltr'><strong>Misenensi,</strong></span> <span class='ocrx_word' id='word_1_259' title='bbox 1211 2657 1220 2665; x_wconf 95' lang='lat'><strong>·</strong></span> <span class='ocrx_word' id='word_1_260' title='bbox 1265 2642 1494 2690; x_wconf 82' lang='lat' dir='ltr'><strong>crebrasque</strong></span> <span class='ocrx_word' id='word_1_261' title='bbox 1538 2638 1592 2676; x_wconf 86' lang='lat' dir='ltr'><strong>rei</strong></span> <span class='ocrx_word' id='word_1_262' title='bbox 1633 2650 1724 2676; x_wconf 84' lang='lat' dir='ltr'><strong>con-</strong></span> 
     </span>
     <span class='ocr_line' id='line_1_35' title="bbox 165 2694 1502 2747; baseline 0.001 -17"><span class='ocrx_word' id='word_1_263' title='bbox 165 2698 324 2743; x_wconf 74' lang='lat' dir='ltr'><strong>tamque</strong></span> <span class='ocrx_word' id='word_1_264' title='bbox 358 2705 436 2732; x_wconf 83' lang='lat' dir='ltr'><strong>esse.</strong></span> <span class='ocrx_word' id='word_1_265' title='bbox 473 2694 699 2746; x_wconf 86' lang='lat' dir='ltr'><strong>Principum</strong></span> <span class='ocrx_word' id='word_1_266' title='bbox 731 2698 909 2747; x_wconf 68' lang='lat' dir='ltr'><strong>majesta·</strong></span> <span class='ocrx_word' id='word_1_267' title='bbox 984 2697 1155 2734; x_wconf 79' lang='lat' dir='ltr'><strong>ficiendoe</strong></span> <span class='ocrx_word' id='word_1_268' title='bbox 1174 2699 1253 2734; x_wconf 77' lang='lat' dir='ltr'><strong>fore</strong></span> <span class='ocrx_word' id='word_1_269' title='bbox 1270 2694 1502 2733; x_wconf 80' lang='lat' dir='ltr'><strong>occasiones.</strong></span> 
     </span>
     <span class='ocr_line' id='line_1_36' title="bbox 166 2746 1725 2802; baseline -0.001 -18"><span class='ocrx_word' id='word_1_270' title='bbox 166 2747 264 2787; x_wconf 86' lang='lat' dir='ltr'><strong>tem!</strong></span> <span class='ocrx_word' id='word_1_271' title='bbox 295 2747 340 2785; x_wconf 93' lang='lat' dir='ltr'><strong>Id</strong></span> <span class='ocrx_word' id='word_1_272' title='bbox 367 2748 478 2795; x_wconf 83' lang='lat' dir='ltr'><strong>ratio,</strong></span> <span class='ocrx_word' id='word_1_273' title='bbox 511 2749 550 2786; x_wconf 80' lang='lat' dir='ltr'><strong>id</strong></span> <span class='ocrx_word' id='word_1_274' title='bbox 580 2749 711 2800; x_wconf 83' lang='lat' dir='ltr'><strong>religio</strong></span> <span class='ocrx_word' id='word_1_275' title='bbox 746 2751 903 2788; x_wconf 85' lang='lat' dir='ltr'><strong>clamat.</strong></span> <span class='ocrx_word' id='word_1_276' title='bbox 1038 2747 1056 2767; x_wconf 87' lang='lat'><em>⁶</em></span> <span class='ocrx_word' id='word_1_277' title='bbox 1087 2751 1223 2802; x_wconf 82' lang='lat' dir='ltr'><strong>Neque</strong></span> <span class='ocrx_word' id='word_1_278' title='bbox 1256 2750 1403 2787; x_wconf 75' lang='lat' dir='ltr'><strong>senatui</strong></span> <span class='ocrx_word' id='word_1_279' title='bbox 1440 2746 1530 2798; x_wconf 82' lang='lat' dir='ltr'><strong>quid</strong></span> <span class='ocrx_word' id='word_1_280' title='bbox 1562 2759 1725 2784; x_wconf 80' lang='lat' dir='ltr'><strong>manere.</strong></span> 
     </span>
     <span class='ocr_line' id='line_1_37' title="bbox 163 2799 1726 2856; baseline -0.002 -17"><span class='ocrx_word' id='word_1_281' title='bbox 163 2799 212 2840; x_wconf 90' lang='lat' dir='ltr'><strong>Id</strong></span> <span class='ocrx_word' id='word_1_282' title='bbox 237 2801 287 2839; x_wconf 84' lang='lat' dir='ltr'><strong>ad</strong></span> <span class='ocrx_word' id='word_1_283' title='bbox 318 2801 536 2840; x_wconf 79' lang='lat' dir='ltr'><strong>Romanos·</strong></span> <span class='ocrx_word' id='word_1_284' title='bbox 521 2816 605 2853; x_wconf 83' lang='lat' dir='ltr'><strong>Jam</strong></span> <span class='ocrx_word' id='word_1_285' title='bbox 628 2805 832 2855; x_wconf 86' lang='lat' dir='ltr'><strong>scripserat</strong></span> <span class='ocrx_word' id='word_1_286' title='bbox 852 2806 905 2843; x_wconf 90' lang='lat' dir='ltr'><strong>D.</strong></span> <span class='ocrx_word' id='word_1_287' title='bbox 988 2806 1125 2856; x_wconf 86' lang='lat' dir='ltr'><strong>Neque</strong></span> <span class='ocrx_word' id='word_1_288' title='bbox 1142 2804 1289 2842; x_wconf 80' lang='lat' dir='ltr'><strong>senatui</strong></span> <span class='ocrx_word' id='word_1_289' title='bbox 1306 2803 1519 2852; x_wconf 81' lang='lat' dir='ltr'><strong>quidquam</strong></span> <span class='ocrx_word' id='word_1_290' title='bbox 1535 2800 1622 2838; x_wconf 84' lang='lat' dir='ltr'><strong>fidei</strong></span> <span class='ocrx_word' id='word_1_291' title='bbox 1637 2812 1726 2850; x_wconf 81' lang='lat' dir='ltr'><strong>erga</strong></span> 
     </span>
     <span class='ocr_line' id='line_1_38' title="bbox 165 2854 1728 2907; baseline -0.001 -15"><span class='ocrx_word' id='word_1_292' title='bbox 165 2854 328 2902; x_wconf 80' lang='lat' dir='ltr'><strong>Paulus,</strong></span> <span class='ocrx_word' id='word_1_293' title='bbox 347 2855 420 2907; x_wconf 90' lang='lat' dir='ltr'><strong>Ep.</strong></span> <span class='ocrx_word' id='word_1_294' title='bbox 440 2857 489 2894; x_wconf 89' lang='lat' dir='ltr'><strong>ad</strong></span> <span class='ocrx_word' id='word_1_295' title='bbox 510 2857 623 2896; x_wconf 86' lang='lat' dir='ltr'><strong>Rom.</strong></span> <span class='ocrx_word' id='word_1_296' title='bbox 645 2869 748 2896; x_wconf 83' lang='lat' dir='ltr'><strong>xux.</strong></span> <span class='ocrx_word' id='word_1_297' title='bbox 771 2864 784 2896; x_wconf 90' lang='lat'><strong>1</strong></span> <span class='ocrx_word' id='word_1_298' title='bbox 811 2866 849 2896; x_wconf 91' lang='lat' dir='ltr'><strong>et</strong></span> <span class='ocrx_word' id='word_1_299' title='bbox 869 2863 907 2898; x_wconf 83' lang='lat'><strong>2.</strong></span> <span class='ocrx_word' id='word_1_300' title='bbox 988 2859 1181 2897; x_wconf 88' lang='lat' dir='ltr'><strong>Neronem</strong></span> <span class='ocrx_word' id='word_1_301' title='bbox 1202 2855 1468 2895; x_wconf 80' lang='lat' dir='ltr'><strong>n1anere:sed</strong></span> <span class='ocrx_word' id='word_1_302' title='bbox 1494 2856 1543 2892; x_wconf 85' lang='lat' dir='ltr'><strong>ab</strong></span> <span class='ocrx_word' id='word_1_303' title='bbox 1566 2864 1612 2892; x_wconf 86' lang='lat' dir='ltr'><strong>eo</strong></span> <span class='ocrx_word' id='word_1_304' title='bbox 1639 2866 1728 2906; x_wconf 87' lang='lat' dir='ltr'><strong>pro·</strong></span> 
     </span>
    </p>

    <p class='ocr_par' dir='ltr' id='par_1_13' title="bbox 200 2904 1726 2975">
     <span class='ocr_line' id='line_1_39' title="bbox 200 2904 1726 2975; baseline 0 -27"><span class='ocrx_word' id='word_1_305' title='bbox 200 2904 231 2930; x_wconf 80' lang='lat'><strong>’³</strong></span> <span class='ocrx_word' id='word_1_306' title='bbox 245 2908 535 2949; x_wconf 71' lang='lat' dir='ltr'><strong>classiariorum</strong></span> <span class='ocrx_word' id='word_1_307' title='bbox 550 2911 831 2957; x_wconf 66' lang='lat' dir='ltr'><strong>Misenensium.</strong></span> <span class='ocrx_word' id='word_1_308' title='bbox 849 2914 910 2951; x_wconf 89' lang='lat' dir='ltr'><strong>De</strong></span> <span class='ocrx_word' id='word_1_309' title='bbox 986 2913 1124 2975; x_wconf 34' lang='lat' dir='ltr'><strong>visum&amp;</strong></span> <span class='ocrx_word' id='word_1_310' title='bbox 1150 2924 1319 2963; x_wconf 80' lang='lat' dir='ltr'><strong>quonam</strong></span> <span class='ocrx_word' id='word_1_311' title='bbox 1344 2911 1458 2949; x_wconf 87' lang='lat' dir='ltr'><strong>modo</strong></span> <span class='ocrx_word' id='word_1_312' title='bbox 1477 2921 1606 2962; x_wconf 83' lang='lat' dir='ltr'><strong>poenas</strong></span> <span class='ocrx_word' id='word_1_313' title='bbox 1625 2920 1726 2948; x_wconf 76' lang='lat' dir='ltr'><strong>ever·</strong></span> 
     </span>
    </p>
   </div>
   <div class='ocr_carea' id='block_1_12' title="bbox 101 2961 1418 3018">
    <p class='ocr_par' dir='ltr' id='par_1_14' title="bbox 101 2961 1418 3018">
     <span class='ocr_line' id='line_1_40' title="bbox 101 2961 1418 3018; baseline -0.001 -13"><span class='ocrx_word' id='word_1_314' title='bbox 101 2992 105 2995; x_wconf 91' lang='lat'><em>-</em></span> <span class='ocrx_word' id='word_1_315' title='bbox 168 2961 244 3005; x_wconf 61' lang='lat' dir='ltr'><strong>hac</strong></span> <span class='ocrx_word' id='word_1_316' title='bbox 275 2963 396 3002; x_wconf 73' lang='lat' dir='ltr'><strong>classe</strong></span> <span class='ocrx_word' id='word_1_317' title='bbox 431 2965 581 3004; x_wconf 89' lang='lat' dir='ltr'><strong>dictum</strong></span> <span class='ocrx_word' id='word_1_318' title='bbox 616 2978 734 3017; x_wconf 77' lang='lat' dir='ltr'><strong>supra</strong></span> <span class='ocrx_word' id='word_1_319' title='bbox 769 2967 912 3007; x_wconf 75' lang='lat' dir='ltr'><strong>Annal.</strong></span> <span class='ocrx_word' id='word_1_320' title='bbox 987 2980 1035 3006; x_wconf 87' lang='lat' dir='ltr'><strong>sae</strong></span> <span class='ocrx_word' id='word_1_321' title='bbox 1056 2966 1279 3018; x_wconf 65' lang='lat' dir='ltr'><strong>reipublicae</strong></span> <span class='ocrx_word' id='word_1_322' title='bbox 1298 2966 1418 3004; x_wconf 84' lang='lat' dir='ltr'><strong>daret.</strong></span> 
     </span>
    </p>
   </div>
  </div>
 </body>
</html>
