1832 3230
233 173 315 216 ⁵·56
671 170 837 210 No'rAE
867 171 935 209 ET
963 169 1406 211 EMENDATIONES

236 275 282 319 εδ
301 288 425 332 usque
445 272 542 316 curri
552 273 761 331 progressi
778 282 888 325 sunt,
909 279 956 315 ut
975 272 1108 315 Tkoth
1126 272 1251 316 iidem
1263 286 1390 316 annos
1405 280 1682 332 mensesquevet
1694 273 1782 319 dies

236 348 512 392 nunierarent.
535 348 662 396 Quod
677 347 733 390 ita
745 347 934 404 exponit:
957 346 1163 389 Observat
1175 346 1346 389 Tacitus
1358 346 1577 390 nonnullos
1587 348 1779 391 <curiosos

238 423 341 466 adeo
362 422 500 474 fuisse,
537 431 582 464 ut
612 430 869 464 numerarent
899 421 977 478 ipsi
1004 430 1106 478 quot
1126 421 1218 463 anni
1236 421 1376 463 Thoth
1399 420 1582 479 alicujus,
1598 431 1658 478 ‚ut
1677 421 1778 479 puta

239 497 502 542 Nabonazari
536 498 649 547 (nam
680 495 805 552 longe
832 505 925 538 ante
944 495 1086 538 Thoth
1108 495 1294 551 Philippi
1325 495 1464 542 Roma
1498 494 1524 536 a
1545 486 1778 555 Senonibus

238 573 401 616 incensa
419 571 515 626 fuit)
546 586 702 612 menses
734 570 832 612 item
867 579 908 611 et
941 569 1025 611 dies
1045 569 1149 611 inter
1169 577 1340 626 utraque
1362 568 1558 620 incendia,
1587 569 1780 627 intercesg

241 647 398 690 sissent.
459 644 760 687 Difficultatern
780 645 888 686 haud
904 644 1063 695 minuit,
1095 652 1216 698 auget
1235 643 1385 700 potius,
1407 642 1538 686 codex
1555 643 1776 701 MS.'Agr.

242 721 357 765 Nam
375 719 470 762 cum
491 719 595 761 inter
614 727 785 774 utraque
804 718 990 760 incendia
1008 718 1234 759 effluxerint
1265 717 1357 759 anni
1373 723 1474 760 453.
1504 718 1537 760 si
1555 718 1634 760 hos
1648 733 1779 761 annos

242 793 529 851 duplicaveris,
557 792 625 834 hic
645 798 771 834 annus
791 794 843 834 ab
865 791 920 834 U.
943 791 994 834 C.
1014 792 1114 839 906.
1135 791 1210 833 erit
1227 793 1512 844 numerandus,
1529 791 1611 849 squi
1629 799 1778 846 tamen,

240 877 289 913 ut
307 867 541 911 certissimis
562 865 834 908 monumentis
851 874 1023 918 constat,
1054 865 1131 907 fuit
1153 866 1307 908 tantum
1329 881 1454 908 annus
1475 871 1574 913 817.
1598 882 1600 894 ³
1633 868 1779 924 ltaque
1814 866 1819 869 ’

243 944 339 985 εὺηι
359 940 536 998 opiniosi
553 940 739 982 homines
759 956 841 982 non
871 949 953 982 tam
990 939 1153 982 obviam
1179 940 1403 992 veritatem,
1433 938 1558 997 quam
1577 942 1779 983 abstrusas

242 1016 501 1074 antiquitates
520 1022 737 1067 sectentur,
768 1014 942 1056 arbitror
960 1013 1116 1056 otiosos
1136 1012 1233 1056 illos·
1252 1013 1459 1056 Romanos
1473 1029 1556 1056 non
1571 1013 1596 1056 ἢ
1613 1013 1779 1070 vulgata

242 1091 371 1134 Urbis
391 1089 564 1132 conditae
586 1103 682 1139 aera,
712 1089 784 1130 sed
805 1090 856 1130 ab
877 1087 957 1130 alia
977 1087 1197 1130 remotiore
1227 1096 1268 1129 et
1288 1087 1778 1141 abstrus1ore‚-Roman1s

241 1165 366 1221 vulgo
400 1163 671 1220 incomperta,
712 1161 1030 1218 computationis
1061 1176 1142 1204 suae
1174 1161 1397 1218 primordia
1425 1161 1647 1231 repetiisse
1708 1162 1779 1205 Sic
1815 1158 1818 1159 ⁷

240 1238 432 1291 Timaris‚
480 1237 657 1289 Siculus,
701 1238 812 1293 apud
844 1236 1092 1291 Dionysium
1134 1227 1549 1289 Halicarnassensem,
1595 1237 1777 1280 Romam

240 1316 388 1358 eodem
409 1329 491 1371 quo
513 1312 802 1367 Carthaginem
819 1327 938 1364 anno,
959 1310 1165 1366 trigesimo
1179 1326 1328 1367 nempe
1341 1319 1488 1353 octavo
1497 1319 1589 1353 ante
1603 1310 1777 1368 primam

243 1388 552 1445 Olympiadem,
597 1386 803 1429 conditam
835 1384 921 1427 vult
938 1402 949 1438 ;
995 1401 1042 1427 ac
1079 1385 1249 1441 proinde
1289 1385 1382 1442 plus
1411 1376 1533 1442 quam
1573 1385 1778 1441 sexaginta

240 1463 355 1507 annis
394 1470 486 1504 ante
524 1461 729 1516 vulgarem
768 1459 824 1502 U.
856 1458 913 1502 C:
944 1475 1081 1501 aeram.
1140 1459 1482 1516 Antiquariorum
1515 1458 1603 1502 aliae
1641 1459 1774 1502 adhuc

239 1544 461 1595 potuerunt
481 1551 568 1578 esse
589 1534 811 1596 sententiae.
852 1532 904 1574 Id
922 1533 1030 1591 enim
1051 1548 1176 1588 genus
1196 1533 1406 1575 hominum
1427 1540 1490 1575 est
1508 1533 1773 1586 som'niosum.
1790 1584 1791 1587 Ἴ

298 1609 543 1654 Numerent.
574 1609 639 1650 Ita
657 1608 750 1650 libri
772 1606 913 1668 scripti
932 1606 1103 1649 et-editi.
1135 1606 1287 1649 Multis
1306 1606 1456 1664 placet,
1487 1597 1772 1654 numerarent:

209 1709 220 1711 ⁷>
237 1688 314 1729 nec
332 1685 453 1727 nobis
471 1683 673 1739 displicet.
732 1682 793 1724 At
810 1697 895 1724 non
913 1689 1072 1738 peccat,
1102 1689 1325 1725 numerent.

294 1820 415 1876 CAP.
433 1808 505 1875 42.
537 1831 835 1889 Exstruxz‘tque
853 1830 1028 1873 domum.
1060 1829 1169 1873 Haec
1189 1835 1252 1872 est
1271 1829 1315 1872 N
1319 1828 1450 1872 eronis
1470 1829 1618 1872 domus
1637 1842 1772 1880 aurea,

235 1922 327 1965 quae
365 1907 469 1949 inter
509 1906 620 1948 orbis
641 1905 851 1956 miracula,
882 1921 934 1947 an
954 1913 1155 1960 portenta,
1186 1903 1325 1946 referri
1358 1904 1519 1955 debeat,
1554 1902 1768 1944 incertum.

232 1981 294 2025 Ut
348 1989 485 2037 pateat
526 1980 722 2021 immensa
762 1979 967 2034 Principis
1006 1978 1178 2030 luxuria,
1227 1979 1396 2034 hujusce
1434 1976 1580 2019 domus
1616 1975 1770 2027 loc'um,

231 2054 556 2111 amplitudinem,
587 2053 945 2109 magnificentiam,
975 2054 1196 2106 fortunam,
1238 2061 1279 2094 et
1313 2068 1404 2109 quae
1437 2058 1546 2094 nune
1580 2057 1770 2093 maneant

234 2130 391 2182 rudera,
422 2129 566 2185 paucis
585 2128 814 2184 expediam.

477 2471 571 2515 DE
623 2469 947 2516 NERONIS
995 2468 1253 2513 AUREA
1303 2463 1513 2511 DOMO.

289 2674 418 2728 Nero,
466 2675 719 2733 majestatem
762 2685 877 2715 suam
911 2670 1106 2727 Augusti,
1148 2668 1320 2723 Tiberii,
1367 2666 1551 2725 Caiique'
1573 2666 1766 2724 domibus

228 2749 425 2795 coarctari
458 2757 584 2801 ratus,
613 2748 717 2791 forte
747 2746 870 2789 etiam
905 2745 1060 2800 Cyrum
1096 2743 1321 2796 aemulatus,
1351 2742 1434 2799 qui,
1479 2749 1580 2784 teste
1613 2738 1765 2791 Plinio,
1799 2796 1801 2800 ,

230 2839 424 2869 xxx111.
455 2829 496 2867 3.
538 2838 685 2866 aureas
722 2835 904 2864 cameras
942 2827 980 2862 et
1019 2825 1236 2877 argenteas
1274 2817 1424 2869 trabes,
1467 2823 1507 2858 et
1543 2813 1764 2864 colamnam

228 2898 640 2961 atquefflparastaticas
657 2898 871 2950 habuerat,
891 2894 1150 2951 magnificam
1170 2894 1338 2955 domum
1359 2890 1468 2945 fecit,
1487 2904 1608 2947 quam
1632 2887 1765 2931 Tran-
