1858 3224
255 153 333 197 156
739 151 786 189 C.
814 149 1079 192 CORNELII
1105 149 1285 193 TAClTl
1311 188 1313 190 .
1364 164 1369 173 ’
1478 158 1532 197 A.
1548 157 1597 197 U.
1611 159 1665 199 Ε.-
1683 162 1780 200 811:

252 263 288 288 “
309 252 598 313 remeaverit,
629 263 956 318 auctoremque
989 256 1086 320 ejus
1121 255 1216 305 doli
1245 243 1745 321 Sullmn,”semeffimr
1761 279 1777 312 τ

253 334 362 400 quia
376 331 518 391 forte,
530 330 827 404 redeuntibus
843 323 1058 381 ministris
1071 331 1310 397 Principis,
1325 334 1531 398 quidam,
1551 353 1637 401 per,
1649 339 1780 404 juve.

252 412 395 463 nilem
417 402 661 467 licentiam,
684 424 790 472 quae
810 418 923 458 tunc
943 407 1110 470 passim
1141 411 1458 470 exercebatur,
1481 412 1665 465 inanem
1679 432 1780 465 me-

251 500 354 538 tum
375 486 592 536 fecerant.
641 485 811 550 Neque
831 501 1072 535 servorum
1094 486 1353 552 quisquam,
1374 476 1527 554 neque
1545 490 1779 540 climtium

250 565 396 619 Sullae
417 563 626 629 agnitus:
662 561 957 626 maximeque
983 564 1210 627 despecta,
1245 576 1290 613 et
1305 565 1779 632 nulliusausi-capax

251 653 415 691 natura
432 642 564 706 ejus,
597 639 626 687 a
661 639 850 689 crimine
885 640 1187 690 abhorrebat:
1223 642 1420 706 perinde.
1449 654 1620 704 nmen,
1636 646 1780 710 quasi

252 718 488 770 convictus
518 728 651 776 esset,
685 717 849 766 cedere
874 717 1038 781 patria,
1071 730 1116 768 et
1149 718 1500 770 Massiliensium
1521 720 1753 772 moenibus
1768 723 1783 748 '

252 794 455 855 coerceri
471 796 674 861 jubetur.

319 957 399 997 48.
423 950 603 997 I1SDEM
628 950 890 997 consulibus
912 949 1077 998 auditae
1102 950 1490 999 Puteolanorum²
1516 951 1781 1018 legationes,
1857 933 1858 960 Ξ

255 1042 368 1092 quas
405 1026 602 1074 diversas
637 1026 754 1073 ordo
784 1026 1033 1091 plebesque
1047 1029 1060 1054 ³
1082 1028 1155 1075 'ad
1190 1039 1398 1077 senatum
1435 1028 1678 1080 miserant:
1717 1029 1783 1077 illi

256 1109 290 1131 “
313 1102 406 1151 vim
429 1102 782 1162 multitudinis,”
811 1103 859 1151 hi
884 1108 917 1131 “
940 1102 1287 1168 magistratuum
1310 1115 1355 1153 et
1376 1105 1511 1168 primi
1533 1107 1755 1171 cujusque
1766 1109 1794 1153 ⁴.

256 1186 295 1228 “.
313 1179 569 1228 avaritiam'⁷
590 1179 892 1243 increpantes.
941 1180 1164 1244 cumque
1193 1181 1352 1231 seditio
1370 1182 1428 1231 ad
1449 1199 1562 1231 sam
1579 1193 1627 1231 et
1641 1182 1788 1239 minas

240 1257 432 1331 ²ignium
454 1274 712 1323 progressa,
745 1273 906 1308 necem
928 1268 974 1308 et
995 1273 1120 1307 arma
1141 1257 1398 1323 perliceret,
1422 1261 1479 1308 C.
1504 1259 1694 1308 Cassius
1705 1260 1787 1307 ad-

255 1334 457 1385 hibendo
479 1334 683 1385 remedio
707 1335 939 1387 delectus:
975 1334 1081 1400 quia
1095 1333 1377 1386 severitatem
1394 1338 1491 1401 ejus
1506 1352 1602 1385 non
1623 1336 1787 1384 tolera-⁴

255 1413 382 1471 bant,
405 1423 618 1475 precante
633 1411 751 1475 ipso,
763 1412 820 1461 ad
837 1411 1100 1462 Scribonios
1115 1411 1277 1462 fratres
1294 1430 1347 1462 ea
1368 1429 1480 1462 cura
1498 1411 1788 1472 u‘misfertur,

256 1486 362 1547 data
401 1489 592 1542 cohorte
625 1487 868 1552 praetoria:
908 1491 1039 1554 cujus
1074 1501 1267 1548 terrore,
1313 1502 1359 1540 et
1393 1505 1648 1554 paucorum
1680 1506 1786 1555 sup-

254 1565 410 1630 plicio,
442 1565 574 1614 rediit
591 1566 827 1632 oppidanis
847 1566 1106 1617 concordia.

322 1725 402 1774 49.
429 1719 479 1772 N
481 1736 552 1771 0N
575 1719 798 1773 referrem
818 1722 1182 1788 vulgatissimum
1205 1721 1667 1780 senatusconsultum,
1688 1736 1786 1785 quo

257 1803 290 1826 “
314 1797 480 1846 civitati
502 1800 894 1863 Syracusanorum
908 1803 922 1829 ⁵
946 1800 1105 1866 egredi
1119 1816 1385 1859 numerum,
1407 1798 1595 1847 edendis
1616 1797 1785 1864 gladia-

1745 1965 1772 1979 ρ

258 1965 372 2016 rospz‘.
457 1966 558 2004 Cum
594 1965 785 2005 foderetur
820 1967 858 2005 in
893 1965 986 2005 villa
1057 1966 1105 2004 Et
1142 1966 1180 2004 in
1219 1963 1340 2003 altera
1376 1962 1632 2014 inscriptione,
1674 1975 1714 2014 p.
1746 1975 1785 2004 l.

262 2019 417 2070 Veros-pi
451 2025 550 2057 anno
587 2023 703 2064 1745.
744 2019 797 2058 ibi
830 2032 986 2071 repertae
1059 2019 1324 2059 PLACERE.
1379 2017 1526 2057 HVIC.
1572 2014 1789 2057 ORDINI.

257 2073 412 2124 egregiae
429 2073 667 2123 antiquitatis
684 2073 867 2124 reliquiae.
926 2075 986 2112 De
1058 2073 1121 2112 Sic
1140 2073 1238 2112 infra
1254 2072 1355 2111 Hist.
1383 2083 1432 2109 Π.
1464 2074 1527 2114 52.
1557 2075 1791 2120 memoratur

258 2126 454 2172 Sallustio,
481 2126 505 2164 ὲ
535 2139 611 2177 quo
640 2139 775 2166 nomen
807 2140 987 2178 accepere
1059 2139 1214 2178 quoque
1259 2126 1350 2163 ordo
1399 2123 1642 2166 Mutinensis.
1716 2120 1790 2161 Ille

258 2180 405 2218 dictum
423 2187 479 2218 est
496 2180 636 2219 Annal.
663 2193 731 2220 ΠΙ.
755 2185 821 2219 30.
874 2180 986 2220 Tunc
1057 2180 1367 2226 duumvirorum‚
1405 2177 1654 2216 decurionum
1693 2174 1788 2215 ordo

257 2241 364 2272 erant
381 2234 616 2286 Principum,
645 2242 689 2272 ut
719 2235 844 2276 videre
869 2241 924 2273 est
948 2235 988 2272 in
1059 2233 1099 2272 in
1115 2233 1272 2272 coloniis
1289 2229 1684 2285 ac„munioipii‘sidern
1695 2235 1791 2276 erat,

259 2287 405 2338 Digest.
425 2288 528 2326 Libr.
549 2300 659 2325 xxx.
679 2289 756 2327 Tit.
775 2288 821 2324 de
839 2287 988 2339 Legatis
1059 2300 1106 2325 ac
1144 2287 1276 2327 Romae
1311 2292 1510 2332 senatores,
1550 2295 1622 2322 nec
1655 2281 1690 2330 ei
1725 2281 1793 2320 ad·

258 2347 295 2379 et
312 2340 640 2380 Fideicommissis.
670 2341 742 2392 leg.
763 2345 830 2386 39.
1058 2340 1190 2395 scripti
1217 2340 1288 2379 nisi
1310 2338 1470 2379 coloniae
1495 2343 1564 2377 aut
1589 2333 1790 2387 municipii

1060 2394 1173 2442 cives,
1202 2407 1269 2444 qui
1299 2399 1457 2439 centum
1486 2389 1652 2430 millium
1681 2402 1791 2430 num-

310 2445 325 2464 ⁸
344 2446 637 2488 'Massiliensium
655 2448 838 2487 mnibus,
867 2448 987 2487 Nunc
1060 2447 1180 2494 mfim,
1208 2446 1325 2499 Angl.
1348 2445 1452 2486 8331.
1471 2438 1610 2489 652811,
1637 2442 1791 2495 censum

257 2501 487 2550 Blarseilles,
504 2503 543 2541 in
561 2502 694 2540 Galli-21
710 2503 961 2541 Narbonensi.
1060 2500 1254 2539 haberent.
1300 2498 1400 2539 Vide
1417 2498 1478 2550 el„
1499 2497 1596 2550 Gori
1616 2494 1793 2547 hiscript.

311 2551 641 2602 ²Puteolanorum.
663 2557 777 2595 Nunc
793 2556 989 2603 Pozzuolo,
1061 2556 1196 2605 Antiq.
1214 2553 1304 2592 Vol.
1326 2564 1374 2591 11.
1390 2567 1430 2604 p.
1450 2555 1541 2599 192.

256 2609 294 2647 in
312 2608 539 2661 Campania.
1112 2608 1131 2629 ⁴
1157 2608 1212 2645 Et
1234 2606 1350 2660 primi
1379 2607 1568 2658 cujusque.
1597 2603 1662 2645 Sic
1697 2602 1796 2641 Tul-

309 2659 326 2685 ³
346 2662 448 2702 Ordo
456 2663 662 2719 plebesque.
687 2662 988 2702 Puteolanorum
1053 2662 1141 2709 lius',
1173 2674 1228 2699 11.
1269 2661 1309 2699 in
1348 2660 1519 2706 Verrem,
1547 2669 1689 2698 van.
1709 2657 1795 2697 lau-1

255 2717 349 2756 ordo
372 2721 410 2754 et
428 2716 606 2769 populuS.
663 2717 706 2755 In
725 2717 839 2755 veteri
859 2716 987 2767 lapide
1060 2715 1126 2754 dat
1153 2713 1435 2764 Centuripinum
1461 2711 1656 2763 (Centorvi
1676 2710 1715 2748 in
1734 2709 1796 2762 Si·

254 2771 360 2822 apud
379 2770 630 2821 Capaccium,
657 2770 866 2810 Puteolana
894 2769 990 2808 His·
1059 2768 1164 2816 cilia)
1180 2767 1442 2818 magistratum
1459 2772 1496 2804 et
1521 2764 1795 2815 decemprimos·

253 2824 368 2874 toria,
396 2837 435 2876 p.
463 2821 502 2866 6.
536 2829 769 2862 memoratur
800 2823 988 2863 SPLEN-
1111 2821 1126 2843 ⁵
1157 2819 1317 2860 Civitati
1340 2819 1678 2872 Syracu-‹mnorum.v
1711 2815 1795 2856 Ad·

253 2877 593 2917 DIDISSIMVS.
609 2877 780 2916 ORDO.
800 2877 881 2914 ET.
900 2876 989 2915 ΡΟ-
1056 2875 1136 2914 huc
1154 2887 1290 2912 nomen
1308 2874 1456 2918 retinet,
1472 2870 1674 2925 Syracuse,
1703 2870 1794 2920 urb}

254 2931 442 2984 RVLVS.
492 2929 986 2974 PVTEOLANORVM.
1058 2929 1200 2969 Siciliae
1220 2927 1441 2981 clarissima,
1468 2938 1585 2981 quam
1611 2922 1793 2963 eruditis-
