1832 3230
323 137 415 176 *AD
441 134 544 175 LIB.
572 135 665 176 XV.
693 134 831 174 ANN.
859 134 906 175 C.
935 132 1102 173 CORN.
1129 135 1329 175 TACITI.
1527 135 1610 178 '561

118 234 411 295 Cokibitdqne.
473 236 610 279 MSS.
634 236 746 279 Flor.
767 237 871 293 Agr.
906 235 1032 279 editio
1066 236 1257 294 princeps
1291 245 1332 280 et
1352 238 1613 283 recentiores.

10 349 17 353 ,
63 311 294 359 Ωαυὼεεῑ
311 309 336 352 ὸ
359 310 501 354 MSS.
522 311 646 353 Harl.
669 311 796 354 Bodl.
815 310 907 356 Jes.

115 386 382 445 Additisque.
444 385 621 429 Mallem
643 402 815 444 quoque.
874 387 973 430 Jam
1010 387 1119 429 enim
1141 386 1314 440 dictum,
1344 396 1395 441 et,
1425 404 1491 441 ac,
1522 404 1611 447 que.

81 481 93 499 -·
117 460 209 505 Eas
231 462 430 519 porticus.
490 459 556 504 Ita
577 460 716 504 MSS.
749 461 946 504 editiones
981 471 1135 504 veteres
1163 472 1205 504 et
1236 463 1499 506 recentiores,
1560 463 1613 506 In

56 536 219 588 mediis,
248 551 406 595 easque.
1326 561 1330 564 ·

11 657 15 661 ,
121 609 276 669 Utique
293 626 430 655 naves.
492 609 558 653 Ita
578 611 717 654 MSS.
741 611 854 654 Flor.
885 610 1032 653 Guelf.
1064 610 1192 653 Bodl.
1225 611 1422 653 editiones
1455 619 1611 654 veteres

9 689 13 694 ⁴
56 679 101 730 et
117 684 381 729 recentiores.
443 685 683 739 Rhenanus,
714 694 852 743 utque.
885 684 956 728 Sic
976 700 1143 742 quoque
1162 686 1421 727 emendatum
1442 686 1485 728 in
1505 685 1610 729 MS.

57 758 439 880 Bogluivoectdssent.
497 834 636 879 MSS.
658 833 780 877 Harl.
804 833 930 876 Bodl.
951 833 980 877 J
983 849 1041 876 es.
1065 832 1210 876 Guelf.
1233 832 1365 876 Corb.
1387 833 1610 876 Rhenanus

55 918 101 954 et
117 910 379 955 recentiores.
427 908 588 952 Vitiose
610 910 652 952 in
672 909 776 953 MS.
796 909 908 957 Flor.
930 917 973 951 et
992 907 1170 951 editione
1189 907 1388 965 principe,
1417 908 1611 952 subvecta

55 991 200 1029 mene.
261 983 534 1035 Puteolanus,
562 985 759 1027 subvectae
793 991 933 1027 essent.

114 1058 353 1103 Albanove.
412 1058 532 1102 Male
554 1059 792 1111 Rhenanus,
822 1059 1085 1116 Albanoque.

117 1132 295 1192 Ignibus
327 1133 547 1190 impervius
581 1141 653 1176 est.
713 1133 852 1176 MSS.
887 1132 1001 1176 Flor.
1036 1132 1143 1188 Reg.
1176 1132 1323 1176 Guelf.
1356 1132 1609 1177 B0d1.Jes

2 1247 11 1253 «
56 1206 257 1252 editiones
269 1216 426 1251 veteres
446 1217 487 1251 et
507 1217 710 1251 recentloi
711 1223 769 1251 es
831 1208 1069 1261 Rhenanus,
1098 1207 1201 1265 igni.

116 1365 242 1410 CAP.
258 1373 330 1411 44.
363 1365 510 1411 Petita
528 1366 631 1410 Diis
643 1366 830 1424 piacula.
879 1366 996 1410 Bene
1017 1365 1062 1410 J.
1081 1365 1132 1410 F.
1155 1365 1393 1410 Gronovius
1412 1375 1455 1410 et
1474 1381 1611 1410 recen·

58 1441 197 1493 tiores.
257 1441 459 1485 Nondum
493 1444 602 1485 facta
638 1442 780 1484 Defim
815 1441 1086 1498 placamenta,
1130 1442 1200 1484 sed
1235 1441 1405 1498 quaesita
1438 1457 1530 1499 quae
1562 1442 1611 1484 iis

57 1515 204 1564 fierent
221 1516 398 1573 piacula,
419 1516 599 1574 aditique
617 1516 784 1572 Sibyllae
805 1516 911 1558 libri.

115 1589 388 1650 ‘Prospersum
407 1599 478 1635 est.
499 1624 502 1626 -
539 1591 817 1634 Emendat'um
838 1590 880 1632 in
901 1590 1005 1633 MS.
1025 1588 1151 1633 Harl.
1167 1605 1423 1647 perspersum
1437 1598 1510 1634 est.

116 1664 180 1710 Et
197 1665 456 1710 sellisternia.
515 1663 581 1708 Ita
602 1665 739 1708 MSS.
761 1665 875 1707 Flor.
898 1665 1008 1707 Bud.
1029 1664 1175 1708 Guelf.
1199 1665 1383 1720 Ryckius
1405 1673 1448 1707 et
1472 1677 1612 1721 recen-

56 1740 196 1784 tiores.
255 1739 309 1783 In
327 1740 433 1786 MS.
455 1739 847 1783 Bodhselisternia.
909 1738 1013 1782 MS.
1033 1738 1141 1795 Reg.
1162 1748 1203 1782 et
1222 1739 1420 1782 editiones
1440 1747 1610 1794 veteres,

2 1848 10 1855 ,
27 1866 29 1868 q
55 1813 321 1858 lectisternia.
381 1814 452 1857 Sic
473 1830 640 1872 quoque
660 1815 798 1858 altera·
809 1830 930 1856 manu
952 1813 1213 1856 emendatum
1234 1814 1276 1855 in
1297 1813 1400 1856 MS.
1419 1813 1568 1874 Guelf.

88 1931 92 1934 ,
115 1888 340 1933 Abolenda
358 1889 530 1932 rumori.
589 1889 692 1932 MS.
714 1890 821 1944 Reg.
841 1903 936 1932 vero
956 1886 1128 1930 rumori.
1164 1885 1268 1930 Vero
1289 1889 1612 1933 additamentum

56 1972 120 2008 est
136 1963 292 2007 librarii
304 1962 488 2021 -alicujus
509 1957 746 2018 Christiani.

117 2037 285 2082 Tiben’o
305 2038 583 2096 imperitante.
643 2037 746 2083 MS.
769 2036 900 2080 Corb.
921 2036 1046 2080 editio
1060 2029 1261 2094 ⁴princeps
1279 2046 1322 2082 et
1351 2039 1612 2083 recentiores.

11 2115 23 2131 ³
56 2112 128 2158 Ita
145 2101 285 2159 MSS.
306 2112 431 2156 Harl.
455 2112 581 2156 Bodl.
601 2111 692 2156 Jes.
713 2120 756 2154 et
781 2111 1048 2165 Puteolanus,
1078 2112 1152 2170 qui
1175 2111 1365 2156 Tiberio.
1667 2171 1670 2174 Δ

72 2172 77 2178 ¹
117 2173 370 2232 Exiiiabilz's
385 2188 632 2245 superstitio.
696 2187 835 2231 MSS.
855 2186 990 2230 Vatic.
1020 2186 1152 2230 Corb.
1173 2187 1367 2231 exitialis.
1426 2187 1539 2232 Mox
1571 2188 1617 2239 in

23 2249 31 2311 s
60 2261 168 2308 MS.
182 2261 320 2313 *Corb.
340 2277 518 2307 rursum.
1159 2276 1171 2280 ·
1465 2272 1469 2279 “

117 2336 286 2394 Deinde
304 2337 475 2382 indicio.
534 2337 640 2381 MS.
662 2335 793 2380 Corb.
814 2336 925 2380 dein.

11 2431 21 2475 j
113 2412 180 2458 1η
199 2413 385 2465 crimine.
448 2412 505 2455 In
525 2415 642 2455 abest
661 2411 687 2453 ὲ
709 2411 813 2454 MS.
843 2410 976 2455 Corb.
1037 2451 1042 2454 .

105 2477 235 2532 ‘Odia
252 2488 429 2533 humani
443 2488 605 2547 generis
620 2487 799 2532 convicti
818 2494 927 2531 sunt.
971 2486 1230 2530 Adnotatum
1249 2487 1291 2531 in
1309 2487 1490 2544 margine
1510 2487 1617 2532 MS.

57 2558 198 2619 Vntic.
222 2569 347 2613 1958.
378 2563 516 2609 Eritis
535 2562 628 2605 odio
649 2561 838 2605 omnibus
857 2561 1090 2605 hominibus
1103 2569 1278 2620 propter
1295 2577 1442 2606 nomen
1459 2577 1591 2606 meum
1604 2580 1617 2607 :

0 2634 1 2639 ¹
57 2638 104 2683 in
133 2637 259 2696 hujus
289 2637 375 2681 loci
403 2637 723 2694 explicationem
760 2635 900 2680 tractis
934 2635 1088 2680 Christi
1122 2637 1269 2691 verbis,
1300 2637 1457 2681 Matth.
1478 2652 1527 2680 x.
1547 2644 1620 2682 22.

0 2711 6 2740 s
61 2712 116 2758 In
137 2711 242 2757 MS.
262 2711 376 2756 Flor.
395 2703 473 2770 pro
504 2712 682 2756 convicti
713 2711 863 2768 legitur
881 2713 1104 2770 conjuncti.
1165 2710 1217 2755 Id
1238 2714 1388 2769 probat
1411 2711 1591 2757 Pichena
1607 2729 1637 2766 ς·

0 2783 2 2787 ’
63 2795 108 2832 et
142 2786 352 2846 ingentem
387 2787 501 2831 illam
541 2785 872 2830 Christianorum
908 2785 1230 2841 multitudinem,
1258 2788 1342 2831 non
1374 2787 1622 2841 convictam,

64 2863 139 2908 sed
161 2868 258 2908 cum
277 2861 368 2906 aliis
387 2861 588 2907 confessis
608 2863 888 2919 conjunctam,
918 2870 960 2905 et
975 2862 1091 2921 quasi
1107 2861 1277 2907 cumulo
1296 2862 1477 2906 additam
1496 2862 1624 2907 fuisse

298 2966 406 2998 vox..
430 2967 485 2997 ιι.
1295 2960 1323 2998 2
1358 2966 1389 2998 N
1449 2997 1458 3001 .
