1858 3224
383 131 463 171 AD
493 130 595 170 LIB.
623 131 720 171 XII.
751 131 888 172 ANN.
918 131 963 170 C.
992 130 1160 170 CORN.
1186 131 1386 171 TACITJ.
1585 136 1670 181 389

28 213 31 215 ι
104 217 128 275 μ,
180 237 247 279 17.
275 230 646 283 HERODES,
663 232 771 275 filius
787 232 970 275 Herodis
985 231 1133 288 Magm
1148 241 1188 275 et
1204 231 1470 287 Mammnes
1486 233 1671 277 Simonis
1711 244 1722 250 “

110 304 232 350 filiae.
289 305 464 362 Joseph.
490 306 591 349 ibid.
635 305 715 349 Ine
745 307 833 363 ipse
859 315 921 350 est
951 305 1022 363 qui
1053 306 1113 349 D.
1134 305 1303 359 Marco,
1332 321 1397 349 vl.
1421 314 1488 355 17.
1516 308 1666 352 dicitur

28 370 42 415 s
117 378 355 436 Philippus.
415 380 544 428 Quod
576 380 672 422 cum
707 395 791 423 non
822 381 1047 423 attenderet
1082 380 1262 423 eruditus
1294 380 1488 434 Froelich,
1523 382 1569 425 N
1571 382 1662 426 ont

117 450 256 495 Elem.
281 451 536 496 Numismat.
557 469 600 510 p.
620 459 721 496 223.
753 453 915 510 scripsit
947 452 1192 509 Philippum
1215 454 1325 495 hunc
1353 456 1544 499 eumdem
1571 472 1663 500 esse

23 553 51 580 ..ἦ
117 530 171 593 no
187 525 445 583 Philippum,
463 527 735 570 Tetrarcham
750 523 1069 579 Trachonitidis‚
1089 527 1139 569 de
1155 542 1239 583 quo
1252 526 1370 570 infra.

179 678 246 716 18.
278 671 666 726 HERODIAS,
696 687 812 715 soror
831 671 1034 728 Agrippae
1057 671 1093 714 I.
1115 687 1220 714 uxor
1243 672 1427 717 Herodis
1454 675 1661 734 Philippi,

117 760 218 795 mox
236 747 414 789 abducta
433 745 458 789 ὲ
477 754 626 803 patruo
645 762 720 789 suo
742 745 918 788 Herode
938 745 1111 802 Antipa,
1131 754 1177 789 ut
1196 747 1351 790 dicetur
1363 747 1525 804 postea.

181 901 248 947 19.
279 893 585 948 SALOME,
616 894 700 937 filia
731 895 922 938 Herodis
961 894 1148 952 Philippi
1181 904 1223 939 et
1262 896 1527 951 Herodiadis,
1569 914 1662 956 quae

116 968 291 1016 Joannis
327 967 529 1026 Baptistae
563 984 708 1012 necem
746 968 882 1025 petiit.
929 969 1105 1028 Joseph.
1137 970 1282 1028 Antiq.
1310 971 1413 1016 Jud.
1445 985 1593 1015 xvm.
1620 977 1663 1020 7.

11 1029 23 1086 s
104 1043 362 1106 ‘Matthaeuffi
384 1057 487 1086 x.1v
508 1049 550 1086 3.

177 1201 249 1240 20.
279 1194 484 1239 MALT
493 1192 702 1248 HACE,
742 1209 847 1237 uxor
887 1193 1071 1238 Herodis
1106 1193 1272 1251 Magni,
1309 1194 1339 1240 J
1342 1196 1487 1253 oseph.
1515 1196 1661 1256 Antiq.

31 1316 34 1319 ,
115 1263 219 1318 Jud.
235 1283 361 1314 xvu.
388 1276 452 1311 11.

174 1423 249 1463 21.
277 1410 729 1468 ARCHELAUS,
769 1415 880 1459 filius
915 1415 1102 1461 Herodis
1136 1416 1289 1473 Magni
1328 1426 1370 1461 et
1408 1417 1661 1475 Malthaces,

117 1491 346 1536 Tetrarcha
382 1490 413 1535 J
417 1490 556 1542 udaeae,
589 1490 752 1533 decimo
786 1490 1040 1534 Tetrarchiae
1072 1506 1180 1534 anno
1211 1491 1414 1536 Viennam
1442 1492 1661 1550 relegatus.

117 1565 295 1623 Joseph.
332 1564 479 1622 Antiq.
512 1563 614 1608 Jud.
654 1577 782 1614 xvxi.
822 1569 888 1608 15.
948 1564 1194 1618 MatthaeuS,
1234 1579 1291 1608 11.
1322 1571 1393 1610 22.
1455 1565 1660 1616 Nondum

4 1661 19 1678 c
76 1688 78 1692 y
117 1641 270 1698 reperti
288 1640 377 1698 ejus
396 1638 568 1686 nummi.

169 1791 248 1844 22.
293 1784 653 1836 HERODES,
693 1783 827 1827 dictus
876 1799 1042 1841 quoque
1088 1784 1284 1841 Antipas,
1320 1785 1430 1830 filius
1476 1785 1661 1829 Herodis

60 1896 63 1899 ,
121 1859 272 1917 Magni
315 1867 358 1906 et
396 1858 648 1912 Malthaces,
696 1858 926 1900 Tetrarcha
968 1858 1170 1913 Galilaeae,
1210 1859 1283 1917 qui
1319 1860 1520 1905 morituro
1557 1860 1585 1904 J
1590 1875 1662 1904 esu

121 1933 291 1983 Christo
308 1933 460 1986 illusitr,
490 1948 585 1980 cum
612 1947 740 1976 uxore
762 1931 1005 1974 Herodiade
1026 1933 1068 1977 in
1087 1933 1255 1977 exilium
1278 1932 1304 1976 a
1336 1933 1442 1977 Caio
1469 1932 1661 1991 Caligula

33 2050 35 2055 .
118 2007 372 2066 Lugdunum
391 2008 551 2051 missus.
610 2005 787 2062 Joseph.
807 2005 955 2064 Antiq.
973 2006 1075 2050 Jud.
1098 2021 1247 2050 xv111.
1272 2014 1338 2052 11.
1368 2007 1480 2052 Luc.
1502 2021 1660 2051 nun.

123 2089 192 2128 11.
220 2082 316 2126 Nos
335 2097 500 2140 quoque
519 2081 562 2124 in
583 2079 874 2136 supplement.
894 2080 1047 2123 Annal.
1064 2095 1177 2125 vsu.
1202 2087 1268 2129 17.

136 2200 141 2203 .
176 2155 229 2209 In
246 2156 424 2200 nummis
445 2160 671 2200 HPssAOY
701 2159 1028 2216 ΤΕΤΡᾼΡΧΟΤ,
1046 2156 1089 2197 id
1108 2165 1184 2210 est,
1206 2155 1391 2200 Herodis
1414 2155 1661 2210 Tetrarchae,

106 2235 476 2276 occurrunt'notae
499 2243 541 2273 ι..
573 2234 658 2272 ΛΓ.
689 2235 777 2271 ΛΔ.
805 2228 847 2271 id
878 2237 955 2281 est,
984 2245 1185 2274 annorum
1206 2232 1295 2289 ejus
1314 2231 1429 2288 regni
1457 2230 1663 2290 trigesimi

120 2305 248 2359 tertii,
266 2304 467 2362 trigesimi
485 2303 639 2362 quarti.
697 2302 725 2347 J
729 2318 845 2346 esum
873 2302 1086 2347 Christum
1116 2305 1383 2362 quadriennio
1408 2313 1501 2349 ante
1518 2303 1663 2363 vulga-

119 2386 205 2424 tam
225 2394 348 2422 aeram
377 2377 653 2421 Christianam
681 2386 823 2420 natum
849 2392 937 2421 esse
962 2378 1142 2421 nummis
1162 2381 1419 2438 probaretur,
1446 2379 1481 2423 si
1498 2379 1663 2423 indubi-

119 2460 215 2498 tntae
234 2452 485 2512 antiquitatis
514 2454 623 2496 foret
651 2467 860 2507 nummus,
891 2452 962 2510 qui
981 2453 1284 2508 circumfertur,
1313 2469 1410 2498 cum
1439 2454 1541 2509 nota
1568 2453 1663 2497 anni

125 2540 169 2572 ι.
203 2533 300 2572 ΜΓ.
334 2526 379 2570 id
405 2534 480 2581 est,
512 2541 624 2570 anno
654 2515 967 2584 quadragesimo
998 2527 1118 2571 tertio
1148 2528 1262 2590 regni
1294 2528 1494 2575 Herodis.
1551 2527 1663 2572 Vide
1708 2544 1711 2547 ·

60 2626 61 2629 ¹
123 2590 319 2648 Froelich.
338 2600 419 2644 loc.
439 2601 509 2644 cit.
530 2617 573 2658 p.
589 2604 690 2648 225.

185 2754 253 2796 m.
284 2726 688 2812 HERQDIAS.
713 2762 829 2791 soror
848 2747 1049 2809 Agrippae
1067 2747 1107 2792 1.
1136 2764 1243 2793 uxo,-
1271 2749 1452 2807 primum
1477 2747 1663 2793 Herodi.

123 2818 326 2885 Philippi,
357 2821 504 2871 deinde
536 2821 720 2868 Herodis
746 2821 934 2882 Antipae‚
965 2839 1057 2883 quae
1086 2822 1241 2869 Joanni
1273 2824 1477 2883 Bantistae
1503 2839 1664 2880 necem,
