1864 3216
225 172 306 216 604
496 199 500 201 >
627 173 791 213 NOTAE
823 176 891 215 ET
924 176 1369 222 EMENDA'I'IONES

282 272 476 318 Publicis
494 282 690 338 moestum.
749 277 852 321 MS.
876 278 1003 322 Corb.
1026 280 1231 339 irgfestum.

278 429 397 475 CAP.
429 438 499 481 29.
536 430 594 473 Ut
623 439 714 475 erat
743 441 893 477 torvus.
954 435 1128 491 Optime
1151 437 1349 492 Pichena,
1369 456 1420 482 ex
1449 436 1684 487 MS.'Flor.
1707 444 1752 488 in

217 522 302 566 quo
318 506 526 558 mendose,
545 514 591 548 ut
610 514 704 549 er.et
742 507 791 548 In
814 508 948 551 MSS.
972 510 1076 565 Reg.
1091 511 1220 554 Corb.
1238 512 1338 568 Agr.
1356 514 1498 557 Guelf.
1520 525 1559 558 et
1579 512 1754 562 editione

216 580 419 639 principe,
443 580 631 624 vinceret.
693 581 828 624 MSS.
853 583 972 626 Harl.
1000 585 1124 628 Bodl.
1155 586 1243 628 Jes.
1274 596 1315 630 et
1347 587 1634 644 Puteolanus,
1641 590 1754 635 inve-

217 655 394 698 iteretur.

276 727 527 771 celebritate
562 704 897 794 periculorum.
925 732 989 774 Ita
1029 731 1163 775 MSS.
1206 741 1248 776 et
1286 734 1481 782 editiones
1510 727 1665 782 veteres
1702 754 1751 783 ac

214 802 474 846 recentiores.
534 803 702 845 Frustra
741 805 967 847 emendavit
998 806 1313 861 Freinshemius,
1348 811 1579 855 crebritate.
1639 812 1750 856 Mox

200 878 298 934 jam
320 880 433 920 abest
453 892 476 917 a
498 877 600 918 MS.
624 877 754 920 Corb.

273 950 334 994 Et
353 951 482 993 altior
509 967 654 1006 pavor.
715 951 865 995 Male
855 969 896 995 m
919 954 1054 998 MSS.
1078 955 1198 998 Harl.
1220 956 1452 1001 Bod1.Jes.
1474 958 1622 1037 Guelf.
1644 960 1750 1005 ulte·

212 1025 299 1067 rior
319 1041 395 1080 pro
416 1033 455 1067 et
476 1025 615 1067 altior.

270 1098 630 1156 Probaejuventoe.
677 1098 742 1142 Ita
761 1101 884 1157 vulgo
908 1100 1046 1145 MSS.
1068 1103 1193 1147 editio
1219 1105 1409 1162 princeps
1429 1114 1470 1148 et
1490 1107 1751 1152 recentiores.

210 1170 260 1215 In
292 1172 396 1216 MS.
418 1172 545 1215 Corb.
562 1172 689 1230 probs}
709 1175 876 1218 vivente.
938 1176 1058 1219 Unde
1080 1177 1346 1232 Puteolanus,
1369 1180 1500 1236 probe*
1519 1181 1732 1241 viventem.

270 1246 413 1305 Neque
416 1247 594 1306 fumosi.
656 1247 760 1291 MS.
783 1248 913 1292 Corb.
934 1265 1030 1293 non.
1747 1248 1751 1251 ’

266 1393 386 1437 CAP.
427 1399 497 1437 30.
545 1392 892 1437 Proconsulatum
933 1396 1060 1440 Asiae.
1134 1397 1250 1440 Bene
1289 1398 1472 1441 Pichena
1510 1414 1560 1442 ex
1608 1398 1747 1443 multis

208 1466 347 1511 MSS.
378 1467 420 1510 in
453 1467 600 1524 quibus
628 1484 786 1525 procos
847 1469 967 1512 Male
1001 1470 1238 1527 suppletum
1267 1471 1311 1514 in
1311 1472 1430 1563 aliis
1461 1472 1598 1516 MSS.
1629 1481 1674 1516 ut
1705 1473 1747 1516 in

173 1534 175 1537 ’
207 1542 410 1584 veteribus
431 1542 690 1595 editionibus,
704 1543 938 1599 proconsul.

267 1616 352 1660 Sed
379 1632 525 1669 recens,
561 1617 802 1659 discrimini.
863 1618 933 1661 Sic
964 1617 1088 1674 vulgo
1109 1618 1247 1663 MSS.
1273 1627 1313 1663 et
1340 1620 1437 1663 libri
1456 1634 1599 1664 omnes
1625 1620 1744 1676 editi3

205 1707 255 1735 ac
292 1692 418 1734 recte.
480 1691 530 1734 In
569 1691 673 1733 MS.
713 1691 824 1733 Flor.
865 1692 936 1734 sed
972 1707 1105 1735 recens
1145 1701 1183 1735 et
1220 1702 1319 1751 quot
1354 1693 1607 1738 discrimini:
1636 1696 1744 1739 unde

206 1767 355 1809 frustra
394 1774 519 1808 tentat
560 1764 757 1827 Pichena,
796 1772 836 1807 et
875 1766 985 1823 quod
995 1782 1009 1816 ς
1038 1766 1352 1820 Freinshemius,
1391 1767 1439 1809 id
1471 1769 1592 1825 quod.
1650 1769 1743 1814 Jac.

179 1887 182 1890 ,
206 1838 458 1891 Gronovius,
473 1846 512 1883 et
530 1854 623 1897 quo.
682 1839 727 1882 J.
742 1838 790 1881 F.
808 1839 1060 1892 Gronovius,
1075 1840 1145 1882 sed
1163 1825 1308 1894 recens,
1328 1849 1367 1883 et
1385 1841 1626 1886 discrimini.

267 1912 524 1956 Vicesimum.
584 1912 689 1955 MS.
706 1912 835 1955 Corb.
856 1913 1107 1972 vigesimum.
1586 1924 1590 1927 ·

263 2050 384 2104 ΟᾸΡ.
408 2066 478 2104 31.
515 2060 608 2114 Vos,
641 2049 796 2117 putres.
858 2061 974 2103 Bene
1010 2061 1147 2104 MSS.
1188 2061 1300 2103 Flor.
1333 2061 1440 2118 Reg‘.
1475 2062 1579 2118 Agr'.
1600 2056 1741 2106 Corb.

180 2135 328 2178 ¹editio
348 2135 552 2192 princep8‚
575 2144 617 2178 et
649 2135 845 2190 Ryckius.
908 2135 1160 2179 Puteolanus
1174 2134 1372 2192 vcopulam
1393 2135 1560 2189 addidit,
1590 2144 1627 2180 et
1658 2135 1741 2191 vos,

232 2215 353 2253 atres.

194 2224 229 2267 p
268 2282 452 2327 Anteluic
472 2283 578 2325 mihi
595 2282 741 2340 ignoti.
804 2283 921 2327 Mihi
939 2285 1052 2326 abest
1072 2283 1096 2325 ὲ
1118 2283 1222 2326 MS.
1239 2266 1346 2339 Reg.
1365 2292 1412 2325 et‘
1427 2285 1567 2327 abesse
1588 2280 1739 2341 potest.

203 2356 301 2407 Hos
321 2357 429 2399 enim
449 2366 681 2413 praesentes,
702 2365 919 2415 testesque,
942 2366 1011 2400 aut
1031 2373 1136 2410 reos,
1156 2359 1422 2400 monstrabat.

260 2503 381 2547 Cn.
402 2510 472 2547 32.
506 2504 760 2560 Separarent
772 2521 786 2556 ,-
806 2512 930 2564 atque
948 2506 1032 2562 ipse
1050 2520 1354 2563 quamcumque.
1405 2503 1579 2560 Optime
1600 2503 1739 2570 MSS.

201 2577 315 2624 Flor.
337 2578 443 2636 Reg.
466 2578 595 2629 Corb.
616 2579 718 2636 Agr.
740 2579 864 2622 editio
885 2580 1089 2636 princeps,
1111 2579 1290 2634 Ryckius
1311 2588 1351 2622 et
1370 2575 1625 2621 recentiores.
1644 2590 1646 2592 “
1686 2576 1738 2621 In

202 2651 340 2697 MSS.
365 2652 484 2695 Harl.
508 2652 632 2695 Bodl.
652 2653 680 2697 J
685 2669 742 2697 es.
764 2654 907 2696 Guelf.
933 2662 1055 2712 atque
1084 2653 1389 2712 quamcumque.
1448 2651 1594 2710 Altera
1616 2667 1739 2695 manu

200 2725 362 2793 ⁵¹¹.MS‘
381 2727 501 2770 Harl.
522 2728 836 2786 additum‚'ipse.
879 2728 1103 2785 Perperam
1125 2728 1391 2782 Puteolanus,
1410 2723 1684 2786 separarent&
1698 2738 1739 2768 se

200 2816 505 2860 quamcumque.
