1858 3224
373 105 452 177 Αἰ)
483 136 584 176 Lm.
615 137 709 176 ΧΠ.
736 136 873 175 ANN.
904 137 951 175 e.
979 136 1147 176 conN.
1172 136 1374 180 TAcm,
1566 143 1644 186 39⁸

99 239 338 300 aliquandiu
357 239 523 283 retinuit
540 239 748 291 Tiberius,
778 239 848 281 sed
868 237 1013 294 postea
1042 239 1193 292 omisit,
1222 241 1367 284 harum
1402 240 1666 298 religionum-

102 322 348 358 contemtor.
410 313 624 356 Omissum
659 322 720 354 est
750 323 886 354 autem
917 311 1094 375 quinque
1129 323 1170 356 et
1204 314 1342 370 viginti
1374 316 1499 367 annis,
1542 324 1645 359 teste

101 382 284 441 Tacit03
313 386 413 443 erga)
433 388 487 429 ab
503 387 558 429 A.
578 386 634 429 U.
659 386 709 428 C.
728 392 830 446 777.
862 401 946 442 quo
977 385 1215 430 interfectus
1247 397 1308 430 est
1326 389 1579 442 Tacfarinas,
1599 399 1645 433 ut

101 462 261 506 dictum
279 469 342 504 est
360 459 513 503 Annal.
536 474 600 502 1v.
630 466 702 502 125.

164 534 420 579 Pomoeriam
445 532 583 576 Urbis.
613 533 808 576 Tacitum
825 532 1112 586 illustraturus,
1143 534 1239 590 quid
1258 534 1310 576 sit
1330 535 1455 577 Urbis
1484 551 1645 592 pomoe-

104 610 225 662 rium,
255 615 412 667 quanta-
426 607 547 649 fuerit
570 607 718 650 Romae
738 607 992 663 magnitudo,
1023 606 1113 664 quis
1145 607 1268 650 fuerit
1298 609 1386 665 ejus
1417 609 1644 653 incolarum

102 697 312 735 numerus,
341 681 583 737 expendam.

99 1036 201 1084 DE
225 1037 428 1088 URBIS
447 1037 656 1083 ROMAE
680 1035 1014 1082 POMOERIO
1036 1036 1124 1081 ET
1140 1036 1646 1094 MAGNITUDINE,

433 1127 982 1175 INCOLARUMQUE
1015 1127 1316 1172 NUMERO.

161 1329 338 1389 Eafuit
358 1328 641 1372 Romanorum
659 1329 805 1385 pietas,
836 1338 882 1372 ut
901 1330 1036 1372 omnia
1055 1329 1080 1372 a
1106 1330 1300 1386 religione
1325 1330 1646 1388 auspicarentur.

100 1403 268 1448 Enituit
298 1403 477 1447 maxime
515 1404 556 1447 in
591 1405 875 1446 consecrandis
912 1405 1076 1447 urbium
1112 1421 1159 1448 ac
1196 1405 1454 1462 potissimum
1495 1407 1644 1450 Romae

101 1477 243 1532 muris,
285 1479 354 1536 qui
379 1479 495 1534 apud
529 1493 600 1520 eos
634 1479 764 1520 sancti
796 1487 838 1520 et
863 1477 1168 1536 quodammodd
1206 1479 1342 1522 divini
1363 1480 1483 1537 juris
1519 1473 1646 1524 erant.

102 1550 266 1613 Digest.
288 1552 382 1595 libr.
419 1566 451 1594 1.
481 1551 568 1595 Tit.
602 1567 713 1594 vlu.
744 1554 794 1595 de
825 1568 959 1595 rerum
993 1552 1203 1597 divisione.
1237 1554 1341 1609 Leg.
1377 1568 1409 1596 1.
1439 1570 1490 1596 ex
1524 1555 1644 1598 Caio.

98 1624 205 1670 lude
237 1626 339 1684 legis
369 1626 574 1680 severitas,
619 1627 668 1669 Si
701 1627 790 1684 quis
823 1626 1041 1670 violaverit
1073 1643 1223 1678 muros,
1267 1628 1400 1684 capite
1422 1630 1644 1685 puniatur.

98 1699 209 1746 Ibid.
231 1700 337 1758 Leg.
359 1715 415 1744 11.
445 1717 495 1744 ex
533 1701 788 1757 Pomponio.
849 1700 909 1744 Ut
937 1711 1075 1744 autem
1108 1710 1288 1744 maneret
1321 1701 1471 1745 intacta
1498 1719 1643 1747 eorum

98 1774 306 1829 sanctitas,
335 1777 389 1818 ab
417 1775 565 1834 injuria
595 1775 808 1818 hominum
836 1776 1161 1819 defendebantur
1189 1785 1311 1833 atque
1342 1776 1647 1832 muniebantur,

98 1848 247 1895 relicta
300 1857 384 1892 tam
439 1848 558 1902 intra,
622 1847 746 1907 qnam
797 1858 912 1892 extra
965 1852 1122 1899 urbem,
1183 1859 1298 1906 parte
1350 1850 1450 1906 agri,
1512 1853 1639 1895 muris

98 1923 247 1976 vicina,
276 1939 400 1981 quam
420 1938 548 1981 neque
566 1923 770 1975 habitari,
801 1938 928 1981 neque
947 1924 1068 1966 arari
1070 1923 1152 1983 fas
1172 1932 1274 1968 erat.
1335 1924 1493 1979 Livius,
1518 1941 1549 1969 1.
1568 1933 1641 1971 44.

98 1996 305 2053 Augures,
334 1997 457 2040 sacris
475 1997 660 2041 Etruscis
680 1998 757 2050 usi,
787 1997 935 2050 effatis,
965 2014 1038 2041 seu
1057 2000 1262 2054 precibus,
1292 2015 1365 2055 per
1385 1999 1509 2043 totius
1529 2001 1642 2045 urbis

52 2117 54 2119 ,
97 2070 316 2118 circuitum
334 2072 445 2129 pone
465 2087 605 2134 muros
625 2088 766 2128 agrum
786 2072 902 2114 illum
922 2075 1229 2125 consecrabant,
1261 2084 1304 2116 ut
1325 2075 1505 2118 facerent
1506 2075 1642 2132 finem

97 2143 254 2191 urbani
286 2145 488 2202 auspicii.-
527 2145 620 2188 inde
652 2162 800 2205 agrum
834 2146 951 2189 illum
984 2145 1153 2206 effatum
1184 2149 1433 2202 vocitabant,
1465 2149 1643 2205 Gellius,

101 2233 218 2263 xur-
255 2226 320 2270 14.
373 2208 508 2268 Varre
541 2221 592 2262 de
623 2220 746 2276 Ling.
778 2221 873 2264 Lat.
905 2236 948 2263 v.
1007 2219 1261 2268 Pomaerz'um
1295 2238 1460 2281 quoque
1490 2225 1645 2279 dixere,

80 2294 210 2353 quod
228 2295 338 2351 pone
357 2309 498 2342 muros
517 2310 613 2351 ager
632 2294 750 2338 certis
782 2295 891 2338 circa
928 2296 1113 2339 terminis
1142 2297 1397 2352 inaugurato
1430 2313 1644 2344 consecra.

96 2354 244 2423 batur3
292 2376 331 2412 et
350 2368 394 2412 in
413 2369 529 2412 urbis
561 2370 808 2413 incremento
828 2384 981 2430 semper
999 2370 1200 2428 quantam
1220 2372 1370 2415 moenia
1397 2387 1639 2430 processura

95 2449 230 2495 erant,
260 2442 422 2486 tantam
441 2442 608 2486 termini
625 2443 669 2486 Ιιί
684 2445 908 2487 consecrati
918 2443 1258 2504 prqferebantur,
1290 2445 1446 2499 Livius,
1466 2446 1547 2490 loc.
1568 2448 1640 2491 cit.

48 2505 52 2514 ¹
154 2511 500 2575 Antiqttissimum
519 2517 646 2560 Urbis
658 2519 903 2574 pomoerium
921 2518 949 2562 ἆ
970 2518 1151 2562 Romulo
1169 2519 1419 2573 inscitatum,
1441 2519 1641 2565 Palatini

95 2589 248 2637 montis
271 2589 824 2637 radicibus'terminabatur.
885 2592 1062 2646 Gellius,
1091 2593 1174 2636 loc.
1205 2590 1275 2636 cit.
1336 2594 1467 2637 Mons
1499 2604 1639 2640 autem

99 2652 312 2710 Palatinus
330 2666 530 2723 quadrata
550 2666 678 2709 ferme
714 2676 776 2710 est
813 2666 966 2725 figura,
1010 2668 1128 2726 cujus
1160 2668 1244 2717 duo
1278 2666 1418 2721 latera,
1447 2670 1500 2711 ad
1533 2670 1638 2727 Sep-

95 2737 356 2780 temtn‘onem
387 2747 430 2781 et
450 2738 723 2786 Occidentem
759 2742 945 2795 obversa,
973 2743 1127 2785 habent
1154 2741 1312 2798 singula
1353 2747 1478 2785 1300.
1510 2745 1638 2800 pedes

96 2809 340 2866 Romanos3
370 2811 477 2855 latus
497 2811 774 2857 Meridionale
792 2814 953 2858 circiter
974 2822 1096 2859 1400.
1118 2817 1268 2873 pedes;
1298 2815 1404 2858 latus
1425 2816 1637 2863 Orientale

95 2884 258 2931 circiter
282 2893 405 2932 1450.
425 2888 566 2946 pedes.
625 2887 809 2932 Tantula
822 2888 950 2947 Urbs,
981 2890 1081 2935 tanti
1100 2890 1227 2935 futuri
1243 2889 1406 2948 imperii
1423 2893 1596 2948 parens!
