1832 3230
229 165 306 203 552
499 180 504 185 «
626 127 793 200 NOTAE
823 160 890 198 ET
919 154 1296 249 EMENDA>T10N
1303 159 1363 198 Es

454 398 627 442 Quarum
645 377 829 449 porrectis
847 394 958 436 series
978 394 1181 443 constricta
1201 393 1355 440 catenis,

455 483 665 523 Ordinibus
683 484 838 535 geminis
855 483 1030 534 obliquas
1045 482 1188 534 excipit
1204 482 1322 521 alnos.

450 570 536 609 Nec
557 571 654 622 gerit
670 571 884 623 expositum
904 571 987 610 telis
1006 571 1043 610 in
1062 571 1187 610 fronte
1205 568 1350 622 patenti
1565 628 1569 632 Ι

454 655 693 708 Remigium:
724 657 803 705 sed,
832 657 937 708 quod
959 657 1130 696 trabibus
1148 653 1400 695 circumdedit
1417 660 1561 706 aequor‚
1651 658 1654 662 ’

457 742 548 780 Hoc
567 741 653 780 ferit
673 747 711 780 et
730 742 838 781 taciti
858 742 1005 793 praebet
1024 741 1204 781 miracula
1221 739 1365 786 cursfis,
1596 724 1600 726 .

454 828 571 874 Quod
590 842 659 868 nec
677 830 761 868 vela
781 828 890 876 ferat,
920 842 992 867 nec
1011 833 1160 880 apertas
1178 828 1353 878 verberet
1371 825 1527 864 undas?

243 1093 351 1135 Haec
371 1093 482 1145 ratis,
514 1093 580 1135 cui
605 1093 862 1149 superposita
893 1101 978 1136 erat
1001 1093 1131 1136 turris
1161 1094 1299 1145 ardua,
1330 1092 1459 1141 refluo
1489 1091 1777 1136 mari-defere-

240 1168 372 1208 batur.
435 1166 591 1209 Contra
622 1168 732 1220 vero,
763 1168 802 1209 in
835 1176 999 1230 stagno,
1024 1169 1143 1225 cujus
1164 1167 1292 1210 ferme
1311 1167 1492 1211 immotae
1511 1172 1625 1211 erant
1643 1177 1775 1226 aQuae,

239 1241 335 1282 ratis
378 1250 418 1282 et
458 1242 760 1297 superpositum
801 1242 1030 1284 convivium
1065 1241 1232 1285 aliarum
1274 1248 1405 1285 tractu
1436 1242 1597 1285 navium
1617 1239 1775 1285 ³move-

239 1316 399 1356 bantur.
511 1316 513 1318 ’
976 1357 985 1362 κ

297 1388 497 1431 Aliarum
518 1390 855 1432 tractnvnaviam.
916 1390 1033 1432 Bene
1066 1390 1200 1433 MSS.
1237 1390 1344 1446 Reg.
1375 1389 1504 1433 Corb.
1523 1388 1646 1432 editio
1665 1389 1776 1447 prin·

239 1477 337 1517 ceps
359 1472 399 1504 et
419 1463 673 1505 recentiores.
736 1464 871 1506 MSS.
894 1464 1016 1506 Harl.
1040 1464 1163 1506 Bodl.
1186 1465 1213 1507 J
1219 1463 1441 1526 estuelf.
1461 1474 1502 1507 et
1523 1462 1774 1517 Puteolanus

240 1536 427 1590 omisere,
457 1537 642 1591 navium,
674 1540 785 1593 quod
814 1534 1017 1580 imnierito
1050 1540 1200 1594 probat
1239 1537 1452 1591 Ernestus,
1483 1536 1774 1596 quia,'inquit,
1820 1550 1829 1554 “

167 1615 170 1622 ”
231 1618 367 1667 potest
402 1612 601 1654 commode
630 1612 814 1670 intelligi
844 1623 991 1655 ratum.
1043 1613 1156 1655 ·Non
1191 1612 1288 1654 vidit
1322 1612 1382 1654 vir
1407 1612 1610 1663 ,eruditus
1637 1616 1774 1668 ‘ratem

238 1685 392 1727 ratibus
411 1687 563 1740 moveri
583 1703 663 1729 non
686 1703 819 1743 posse.
881 1687 1050 1743 Nempe
1071 1703 1153 1729 non
1172 1695 1337 1728 noverat
1357 1686 1450 1738 ratis
1473 1684 1659 1750 formant.

297 1759 519 1802 Animalia
538 1761 664 1803 maris
684 1760 845 1803 Oceano
859 1762 1049 1819 abusque.
1068 1761 1278 1803 vHeinsius
1294 1748 1447 1812 maslet,
1467 1759 1577 1803 mari
1594 1758 1776 1812 Oceano,

239 1833 419 1895 Ernesto
434 1835 691 1890 suffragante.
725 1835 768 1876 N
773 1851 819 1877 ec
840 1835 1043 1891 displicet.
1076 1835 1146 1877 Sic
1162 1834 1312 1877 Annal.
1331 1850 1362 1877 1.
1383 1841 1424 1883 9.
1458 1833 1582 1876 Mari
1597 1823 1775 1887 Oceano,

212 1903 214 1905 ¹
237 1915 311 1950 aut
331 1908 520 1950 amnibus
540 1909 773 1966 longinquis
804 1916 957 1966 septum
993 1909 1220 1965 imperium.
1281 1908 1388 1951 Haec
1419 1917 1560 1951 autem
1589 1906 1776 1963 animalia

236 1970 449 2038 petiverat,
482 1991 526 2024 ut
547 1992 690 2038 stagno
712 1983 950 2026 innatarent.
1380 2026 1382 2028 .
1580 1991 1582 1994 ’

300 2056 340 2099 T
337 2057 489 2099 enebrae
533 2057 789 2099 incedebant.
862 2057 1029 2099 Frustra
1069 2057 1309 2115 Rhenanus,
1351 2057 1599 2101 incidebant.
1637 2065 1643 2070 ’
1675 2057 1775 2103 Jam

238 2120 393 2172 dictum
415 2147 536 2186 supra
556 2116 704 2173 Annal.
729 2145 807 2173 111.
837 2132 907 2173 26.
939 2131 1112 2173 ambitio
1134 2139 1171 2174 et
1191 2132 1254 2174 vis
1270 2132 1495 2175 incedebat.
1608 2188 1613 2192 ,

303 2203 343 2244 V
341 2204 392 2245 isi
410 2205 605 2260 auspices,
636 2205 718 2248 dos.
781 2205 952 2265 Optime
975 2205 1209 2247 Rhenanus.
1255 2206 1441 2249 Aderant
1461 2207 1568 2249 enim
1588 2205 1774 2265 auspices

237 2286 283 2319 ut
318 2278 490 2320 vidimus
523 2279 563 2320 in
594 2280 745 2334 nuptiis
782 2279 1031 2332 Messalinae,
1065 2269 1215 2322 Annal.
1242 2295 1311 2322 xx.
1344 2285 1413 2328 27.
1474 2281 1700 2337 Perperam
1731 2282 1775 2325 in

237 2351 374 2394 MSS.
397 2352 520 2393 Bodl.
540 2353 568 2395 J
572 2368 629 2394 es.
649 2361 690 2394 et
709 2353 952 2396 editionibus
971 2354 1188 2406 veteribus,
1218 2355 1328 2396 misit
1346 2354 1525 2411 auspices
1543 2354 1656 2398 duos.
1702 2354 1772 2398 De

235 2425 297 2467 his
328 2425 508 2468 Neronis
538 2426 785 2468 foeditatibus
806 2426 950 2469 Aurei.
1010 2427 1171 2472 Victor.
1215 2427 1257 2469 in
1290 2428 1476 2483 Epitom·
1535 2433 1563 2454 “
1579 2428 1646 2471 Εὸ
1675 2443 1774 2486 pro-

236 2514 394 2552 gressus
424 2506 498 2552 est,
531 2509 575 2541 ut
607 2516 738 2556 neque
768 2516 865 2552 suae,
896 2516 1028 2557 neque
1059 2494 1473 2559 aliorum²pudicitiae
1506 2518 1690 2559 parcenS‚
1722 2505 1774 2546 ad

235 2581 464 2615 extremum
493 2573 664 2616 amictus
695 2575 935 2617 nubentium
969 2574 1166 2630 virginum
1196 2576 1348 2632 specie,
1378 2576 1515 2632 palam
1545 2586 1772 2621 convocato

234 2657 388 2700 senatu,
418 2648 513 2689 dote
535 2647 658 2702 dicta,
688 2648 844 2691 cunctis
863 2650 965 2691 festa
985 2650 1035 2691 de
1055 2665 1168 2709 more
1183 2647 1544 2707 frequentantibus,
1563 2651 1774 2695 nuberet.”

233 2723 342 2765 Vide
375 2729 416 2764 et
448 2721 675 2779 Sulpitium
711 2724 907 2766 Severum
938 2723 1040 2765 inter
1076 2719 1307 2766 testimonia
1326 2724 1520 2768 Veterum
1545 2725 1771 2779 laudatum,

234 2796 304 2852 qui
338 2797 446 2838 hunc
464 2787 603 2842 Taciti
633 2797 773 2839 locum
809 2797 1032 2853 exscripsit.
1094 2798 1180 2840 Pro
1214 2798 1306 2851 visi,
1336 2806 1407 2841 aut
1436 2799 1560 2853 missi,
1590 2807 1637 2842 ut
1670 2799 1769 2842 olim

233 2868 539 2924 emendabatur,
570 2855 814 2927 conjiciebat
833 2871 876 2915 J.
895 2871 1145 2926 Gronovius,
1174 2872 1333 2915 inscita.
