1858 3224
280 175 357 210 212
762 166 1317 209 C.CORNEL11'1·AC1T1
1404 176 1407 180 ’
1520 158 1817 221 ιιυιοζειιι

281 278 314 306 ‘⁶
337 271 432 320 tius
455 270 567 319 olim
588 269 842 335 provisum,
876 282 938 329 et,
973 289 1080 336 quae
1103 275 1511 336 converterentur‚'
1532 277 1819 334 'inflatu-ius

281 355 315 378 ⁶⁶
338 348 535 420 mutari3
590 347 671 395 sed
705 363 782 405 ne,
820 347 963 395 nimio
997 351 1175 397 amore'
1197 351 1372 416 antiqui
1410 354 1569 414 moris,
1596 358 1819 408 ,studium

281 433 315 456 ‘⁶
339 442 496 475 meum
519 426 741 473 extollere
771 425 965 472 viderer.
1034 425 1199 486 Simul,
1236 428 1460 494 quidquid
1494 431 1819 484 hoeain'nxobis

282 509 317 534 ⁶⁶
340 502 615 552 auctoritatis
654 514 737 560 est,
794 502 966 550 crebris
1009 505 1450 556 contradictionibus
1474 503 1818 570 Tdestmendum

283 587 317 610 ⁶⁶
341 597 437 630 non
459 579 789 637 existimabam,
825 590 875 626 ut
912 592 1116 629 maneret
1150 582 1399 648 integrum,
1433 584 1469 633 si
1505 587 1692 650 quando
1712 577 1818 636 'res-

284 665 318 690 ⁶⁶
342 658 524 724 publica
558 655 755 706 consiliis
791 657 1014 721 eguisset:
1052 660 1178 723 quod
1209 660 1346 708 hodie
1377 657 1544 722 e‘venit,
1565 665 1818 713 ¹§stimulari

286 741 319 766 ‘⁶
342 735 441 784 viro
465 734 591 782 domi
613 751 708 782 suae
731 733 970 783 interfecto
1002 753 1086 800 per
1107 736 1287 786 insidias
1309 739 1510 798 serviles,
1539 747 1818 806 quas-nemo
1857 777 1858 790 ¹

246 870 248 872 ,
286 818 320 842 “
342 811 593 878 prohibuit,
626 822 705 859 aut
734 812 950 875 prodidit,
986 813 1191 876 quamvis
1221 817 1431 863 nondum
1456 818 1717 870 cuneum!
1749 836 1818 868 se..

286 896 320 919 ⁶⁶
343 889 705 946 natusconsulto,
739 889 866 951 quod
899 889 1173 952 supplicium
1201 891 1283 938 toti
1304 890 1488 942 familiae
1509 893 1815 944 minabatur.

286 974 320 997 ‘⁶
344 966 591 1017 Decernite
624 964 812 1013 hercule
849 965 1179 1029 impunitatem.
1236 971 1316 1016 ,At
1344 986 1485 1033 quem
1517 970 1819 1036 dignitas->sua

286 1051 320 1076 ‘⁶
345 1044 578 1103 defendet,
613 1045 726 1092 cum
765 1042 1038 1107 praefectura
1074 1045 1218 1093 Urbis
1251 1062 1346 1093 non
1368 1045 1625 1120 profuerit?
1643 1050 1818 1113 'Quem

286 1129 320 1152 ⁶⁶
343 1139 563 1171 numerus
593 1137 833 1189 servorum
868 1122 1086 1180 tuebitur,
1120 1123 1233 1170 cum
1268 1123 1522 1174 Pedanium
1541 1126 1820 1175 Secundum

286 1205 320 1230 ‘⁶
345 1198 664 1265 quadringenti
699 1215 794 1246 non
833 1199 1150 1262 protexerint?
1186 1200 1277 1249 Cui
1310 1199 1479 1249 familia
1513 1218 1660 1266 optma:
1682 1201 1818 1263 feret,

287 1283 320 1306 ⁶⁶
344 1295 450 1342 quae
472 1293 530 1324 ne
563 1277 611 1323 in
641 1288 767 1324 metu
791 1276 977 1340 quidem
1000 1277 1201 1340 pericula
1221 1289 1377 1326 nostra
1401 1278 1598 1328 avertit?
1618 1282 1730 1339 An,
1765 1291 1819 1328 ut

287 1361 319 1384 ⁶⁶
344 1355 531 1420 quidam
553 1355 728 1418 fingere
765 1370 861 1401 non
895 1356 1187 1414 erubescunt,
1220 1354 1404 1420 injurias
1441 1372 1561 1406 suas
1583 1357 1717 1405 ultus¹
1748 1367 1819 1405 est

287 1438 320 1462 ⁶⁶
343 1430 638 1480 interfector?
692 1431 798 1519 quia
836 1432 893 1478 de
932 1431 1120 1495 paterna
1158 1431 1383 1496 pecunia²
1414 1443 1709 1498 transegerat,
1739 1444 1817 1482 aut

287 1516 319 1540 ‘⁶
343 1510 514 1558 avitum
565 1509 842 1572 mancipium
889 1509 1242 1558 detrahebatur?
1282 1509 1641 1597 Pronuntiemu's
1674 1510 1815 1571 ultro,

285 1593 320 1616 ‘⁶
344 1587 618 1636 dominum
602 1603 706 1652 jure
729 1603 901 1635 caesum
924 1587 1079 1634 videri.
1595 1605 1597 1608 ⁴

354 1753 432 1792 44.
469 1749 502 1773 ⁶⁶
527 1746 687 1792 LIBET
725 1754 995 1809 argumenta
1030 1742 1301 1807 conquirere
1321 1742 1370 1791 in
1392 1759 1466 1802 eo,
1486 1743 1623 1808 quod
1645 1742 1816 1808 sapien·

285 1827 319 1851 ‘⁶
344 1822 534 1869 tioribus
557 1822 857 1869 deliberatum
881 1821 979 1869 est?
1014 1822 1106 1869 Sed
1130 1832 1174 1868 et
1191 1821 1227 1868 si
1244 1837 1367 1868 nunc
1390 1820 1592 1884 primum
1621 1832 1816 1869 statuen-

286 1905 320 1928 ⁶⁶
344 1902 457 1948 dum
492 1900 781 1958 haberemus,
817 1899 1056 1947 creditisne
1093 1915 1277 1946 servum
1312 1897 1610 1946 interficiendi
1643 1897 1817 1945 domini

288 1982 320 2006 ‘⁶
344 1977 549 2024 animum
587 1977 860 2033 insumsisse,
894 1989 944 2024 ut
977 1993 1073 2024 non
1096 1994 1190 2024 vox
1220 1975 1376 2023 minax
1407 1973 1670 2023 excideret?
1703 1973 1816 2022 nihil

287 2060 320 2083 “
343 2071 426 2119 per
448 2054 747 2103 temeritatem
770 2053 1154 2119 proloqueretur?
1189 2052 1308 2102 Sane
1332 2051 1572 2100 consilium
1598 2050 1817 2109 occuluit,

287 2137 320 2160 ⁶⁶
344 2132 489 2178 telum
519 2131 636 2179 inter
658 2131 841 2196 ignaros
863 2132 1063 2195 paravit:
1100 2148 1214 2178 num
1238 2129 1452 2178 excubias
1482 2124 1707 2186 transiret,
1738 2144 1817 2174 cu·
1845 2124 1847 2126 ’

287 2214 319 2237 “
343 2209 482 2256 biculi
505 2203 627 2256 fores
650 2209 925 2268 recluderet,
960 2209 1117 2256 lumen
1152 2206 1358 2265 inferret,
1392 2205 1568 2254 caedem
1600 2215 1816 2269 patraret,

286 2291 319 2314 ⁶⁶
343 2285 557 2333 omnibus
579 2285 770 2332 nesciis?
794 2286 946 2333 Multa
967 2284 1147 2332 sceleris
1169 2283 1332 2332 indicia
1352 2279 1651 2350 praeveniunt.
1686 2279 1816 2335 Servi

285 2368 320 2391 ⁶‘
343 2363 380 2410 si
402 2363 615 2426 prodant,
632 2378 876 2425 possumus
898 2348 1091 2426 singuli‘
1079 2372 1197 2408 mter
1209 2361 1381 2425 plures,
1395 2359 1480 2407 tuti
1492 2359 1610 2406 inter
1619 2357 1811 2405 anxios·
1797 2392 1813 2416 ,

286 2444 320 2468 ⁶⁶
344 2439 598 2503 postremo,
632 2438 668 2485 si
707 2439 995 2501 pereundum
1030 2438 1102 2497 sit,
1135 2453 1231 2485 non
1263 2435 1395 2484 inulti
1429 2435 1568 2483 inter
1571 2434 1816 2498 nocentes,

279 2516 319 2545 *⁶⁶
343 2534 493 2582 agere.
563 2519 782 2579 Suspecta
812 2516 1058 2580 majoribus
1091 2515 1256 2563 nostris
1291 2513 1421 2561 fuere
1455 2511 1638 2579 ingenia
1664 2527 1817 2574 servo-

286 2599 319 2621 ⁶⁶
342 2611 466 2652 rum,
489 2594 623 2641 etiam
647 2594 759 2649 cum
773 2593 821 2640 in
843 2592 979 2659 agris,
993 2604 1071 2642 aut
1088 2593 1300 2642 domibus
1313 2591 1490 2649 iisdem,
1503 2597 1815 2645 nascerentur,

354 2797 567 2835 'Nondum
595 2808 779 2835 concumsso
826 2797 948 2834 Immo
978 2803 1017 2833 et
1086 2797 1251 2847 algmana,
1279 2795 1355 2833 dici
1383 2792 1518 2832 merit&
1535 2792 1708 2830 observat
1727 2788 1815 2839 Lip-

288 2852 448 2894 fiimmato
485 2860 529 2889 ut
557 2852 640 2900 jam
678 2850 839 2887 vidimus
875 2850 1030 2890 A.nnal
1087 2852 1176 2887 sius
1248 2849 1366 2894 Quasi
1400 2849 1447 2886 de
1482 2844 1644 2898 paternis
1678 2844 1814 2894 opibus

286 2918 389 2944 xm.
408 2909 473 2943 3⁶2.
1089 2912 1234 2951 ῑιειῐι5ρς,
1221 2902 1282 2939 iss
1283 2909 1332 2947 et,
1372 2909 1442 2938 atxt
1469 2909 1626 2937 avorum
1658 2908 1813 2934 suorum

340 2957 357 2975 ²
378 2959 476 3002 Quia
496 2959 535 2995 dc
548 2956 710 3008 palm-nd
723 2956 895 3007 pecunid.
921 2957 1015 2995 Haec
1089 2956 1323 3006 mancipium
1341 2955 1375 2992 ei
1395 2954 1524 2992 fuisset
1540 2952 1787 2991 detractum.
