1858 3224
0 980 10 1037 ,κιν-
0 838 26 968 <Ἇ·”·3ε,’“ᾏ
0 664 11 824 ’ΠΜ

18 973 22 978 ’
20 902 27 915 a

113 144 319 207 1ΐ(ζὲ.62.Δ
361 140 674 185 ANNALIUM
703 138 870 181 LIBER
899 138 1152 181 DECIMUS
1182 141 1444 189 QUINTUS.
1595 149 1676 185 241

112 260 399 311 meatu,
424 259 476 301 et
493 246 690 298 instante
706 248 805 313 jam
825 245 998 306 hieme,
1022 246 1209 296 reduxit
1232 249 1523 311 exercitum13
1549 266 1678 300 com·

111 328 361 398 posuitque
381 326 449 379 ad.
471 326 710 378 Caesarem
733 323 903 384 literas,
937 324 1068 389 quasi
1098 324 1315 375 confecto
1345 327 1490 388 bello,
1523 328 1677 378 verbis

110 406 390 476 magnificis,
411 421 584 456 ¹rerum
598 419 782 453 vacuas.

171 567 229 614 9.
264 563 507 615 Inuum
554 558 767 610 Corbulo
819 559 1081 624 numquam
1125 559 1388 626 neglectam
1423 562 1675 627 Euphratis

112 638 271 708 ripam
286 639 598 693 crebriofibus
619 637 844 704 praesidiis
865 637 1061 687 insedit.
1097 650 1160 698 et,
1195 655 1256 687 ne
1277 639 1408 704 ponti
1431 640 1676 705 injiciendo

111 718 500 787 impedimentum
533 717 723 766 hostiles
757 728 927 766 turmae
961 715 1217 776 adferrent,
1250 719 1374 784 (jam
1409 718 1534 766 enim
1568 720 1676 768 sub·

106 797 243 866 jectis
275 795 450 862 campis
484 811 657 861 magna
690 793 842 860 specie
872 794 1148 858 volitabant)
1184 812 1324 844 naves
1357 796 1678 862 magnitudine

110 885 403 946 firmantes,
435 884 483 924 et
517 889 752 923 connexas
788 871 1013 931 trabibuS‚
1048 888 1101 921 ac
1132 873 1338 922 turribus
1372 886 1547 935 auctas,
1581 875 1677 941 agit

108 970 200 1021 per
230 968 436 1014 amnem,
472 951 804 1017 catapultisque
826 963 872 999 et
894 950 1067 999 balistis
1088 952 1332 1015 proturbat
1353 953 1592 1013 barbaros,
1626 954 1677 1002 in

53 1070 58 1074 .
109 1048 234 1098 quos
253 1047 367 1081 saxa
388 1041 435 1080 et
456 1030 600 1080 hastae
623 1030 814 1096 longius
841 1030 1158 1094 permeabant,
1193 1029 1339 1095 quam
1369 1042 1422 1079 ut
1443 1033 1676 1080 contrario

111 1109 386 1177 sagittarum
414 1110 545 1177 jactu
584 1108 957 1173 adaequarentur.
1034 1107 1161 1156 Dein
1195 1123 1313 1171 pons
1347 1108 1672 1169 continuatus;

113 1187 352 1255 collesque
373 1186 554 1237 adversi
574 1203 660 1252 per
682 1186 828 1235 socias
851 1185 1086 1245 cohortes,
1114 1185 1225 1250 post
1246 1185 1487 1252 legionum
1517 1188 1676 1238 castris

115 1267 444 1332 occupatum!
487 1263 615 1313 tanta
661 1257 894 1313 celeritate
942 1274 988 1311 et
1033 1263 1338 1312 ostentatione
1382 1265 1570 1326 virium,
1625 1279 1677 1316 ut

113 1343 302 1410 Parthi„
326 1343 498 1402 omisso
527 1353 691 1408 paratu
728 1341 1002 1392 invadendae
1037 1341 1204 1408 Syriae,
1242 1358 1375 1408 spem
1413 1348 1607 1394 onmem
1627 1345 1680 1394 in

51 1452 59 1459 ·
117 1421 396 1478 Armeniam
417 1431 666 1472 verterent.

142 1588 264 1642 «19.
300 1581 375 1633 Im
397 1578 572 1642 Paetus,
602 1578 946 1631 imminentium
967 1579 1167 1641 nescim,
1201 1579 1412 1647 quintam
1441 1581 1676 1649 legionem

113 1659 282 1726 procul
324 1659 377 1717 in
417 1660 571 1709 Ponto
615 1660 828 1709 habebat.
900 1660 1124 1726 Reliquas
1162 1660 1437 1725 promiscuis
1477 1661 1679 1709 militum

114 1738 483 1799 commeatibus²
516 1738 862 1800 infirmaverat3
915 1739 1085 1798 donec,
1124 1739 1373 1787 adventare
1413 1739 1680 1805 Vologesen

115 1831 293 1884 magno
311 1827 360 1866 et
392 1814 574 1867 infenso
596 1815 800 1883 agmine,
833 1816 1059 1864 auditum.
1130 1817 1328 1865 Accitur
1356 1816 1480 1884 legio
1504 1817 1679 1866 duode-

115 1910 277 1961 eima,
286 1906 353 1956 et,
386 1895 512 1953 unde
545 1893 720 1944 famam
753 1895 876 1945 aucti
911 1894 1148 1944 exercitus
1184 1907 1464 1960 speraverat,
1498 1895 1681 1960 prodita

114 1969 457 2039 lnfi'equentiaf
491 1991 588 2040 qua
625 1986 782 2023 tamen
816 1973 1003 2023 retineri
1039 1985 1204 2034 castra,
1239 1985 1285 2022 et
1320 1974 1447 2022 eludi
1480 1974 1682 2023 Parthus

114 2059 268 2109 tractu
289 2050 400 2102 belli
419 2062 619 2117 poterat,
653 2052 691 2102 si
712 2053 844 2102 Paeto
878 2065 958 2101 aut
979 2052 1028 2100 in
1051 2052 1162 2111 suis,
1197 2064 1276 2100 aut
1305 2051 1354 2099 in
1382 2051 1539 2100 alienis
1571 2069 1687 2100 con-

108 2126 227 2189 'siliis
247 2129 503 2188 constantia
527 2129 703 2179 fuisset.
774 2131 961 2179 Verum
984 2130 1065 2179 ubi
1097 2130 1126 2179 a
1160 2130 1270 2180 viris
1301 2130 1573 2179 militaribus
1603 2131 1683 2179 ad-

115 2205 285 2258 versus
307 2219 527 2274 urgentes
548 2225 681 2258 casus
704 2209 916 2258 firmatus
938 2221 1054 2269 erat,
1088 2226 1269 2269 rursus,
1303 2227 1364 2258 ne
1395 2210 1557 2260 alienae
1580 2226 1684 2258 sen-

117 2284 272 2349 nenjiae
303 2284 517 2353 indigens
538 2287 791 2348 videretur,
825 2288 874 2336 in
898 2288 1078 2338 diversa
1107 2305 1160 2337 ac
1194 2288 1423 2337 deteriora
1445 2288 1680 2341 transibat,

115 2359 181 2422 Et
191 2363 502 2426 .t1mcjrelictis
522 2365 748 2427 hibernis,
783 2371 817 2395 “
842 2383 940 2416 non
961 2365 1153 2426 fossam,
1188 2383 1343 2432 neque
1372 2366 1550 2415 vallum
1579 2366 1683 2425 sibi,

117 2444 155 2474 “
175 2441 260 2502 sed
289 2458 489 2509 corpora
535 2455 583 2494 et
621 2461 752 2494 arma
785 2445 835 2493 in
865 2445 1049 2494 hostem
1085 2445 1225 2492 data''
1259 2444 1515 2505 clamitans,
1548 2445 1683 2493 duxit

115 2516 344 2586 legiones,
365 2521 497 2586 quasi
518 2523 681 2587 praelio
699 2535 982 2572 certaturus:
1008 2522 1196 2582 deinde,
1219 2523 1387 2572 amisso
1410 2524 1682 2574 centurione

115 2608 164 2646 et
185 2597 343 2663 paucis
363 2598 602 2661 militibus,
637 2617 756 2665 quos
777 2600 978 2650 visendis
995 2600 1202 2648 hostium
1219 2601 1362 2665 copiis
1380 2603 1684 2666 praemiserat,

115 2675 326 2741 trepidus
341 2676 578 2727 remeavit.
647 2678 710 2726 Et
728 2677 837 2743 quia
859 2678 1020 2727 minus
1042 2677 1209 2727 acriter
1234 2679 1492 2745 Vologeses
1514 2679 1686 2728 instite-

115 2763 224 2815 rat‚-
238 2751 359 2803 vana
376 2770 539 2804 rursus
560 2755 752 2815 fiducia,
786 2757 875 2805 tria
904 2757 1049 2806 millia
1079 2757 1246 2806 delecti
1280 2757 1445 2822 peditis
1466 2757 1687 2822 proximo

174 2907 358 2953 'Castris
375 2919 620 2964 occupantur
652 2913 766 2955 Ultra
784 2915 865 2955 Eu·
997 2896 1016 2932 3
1037 2914 1320 2954 commeatibus.
1335 2914 1505 2968 Angl.f1
1518 2914 1690 2967 rlougks.

118 2942 310 3016 pliratem.
339 2967 444 3005 lnsra
470 2980 559 3018 cap.
583 2972 645 3012 17
947 2970 1008 3009 Dc
1027 2971 1085 3008 his
1105 2971 1191 3008 vide
1211 2970 1311 3008 infra
1330 2970 1433 3009 nist.
1449 2981 1484 3007 J.
1503 2969 1569 3008 40'.

323 3046 445 3082 voL.
485 3046 539 3080 11.
1283 3050 1313 3091 Q
