1832 3230
231 196 325 248 ¹564
655 195 819 234 NOTAE
850 197 916 234 ET
945 195 1387 237 EMENDATIONES

247 314 321 340 nos
341 297 575 351 invaluerat,
596 305 643 340 ut
665 305 861 341 testantur
882 298 1106 350 Arnobius,
1129 285 1380 351 Lactantius,
1406 297 1621 344 Minucius
1642 298 1774 354 Felix,

246 372 538 425 Tertullianus,
577 371 751 429 aliique3
784 382 906 430 atque
942 372 1079 427 viguit,
1118 374 1248 416 donec
1289 373 1519 417 Christiana
1554 373 1711 431 religio,
1749 371 1786 416 δ’

231 449 516 492 'Constantino
552 450 726 504 probata
760 447 1061 503 publicataque,
1097 463 1140 490 se
1169 447 1408 504 injuriarum
1437 456 1479 491 et
1515 447 1772 491 atrocitatum

192 568 198 571 s
244 524 434 574 absolvit,
473 522 689 565 manifesta
718 521 910 564 doctrinae
946 537 1234 579 sacrorumque
1266 538 1433 566 suorum
1465 521 1694 578 integritate
1725 537 1773 565 ac

243 598 469 642 sanctitate.
530 598 654 640 Forte
674 596 797 639 etiam
829 598 1117 652 percrebuerat
1140 598 1255 648 (tunc
1275 597 1383 640 enim
1406 597 1466 641 D.
1491 597 1618 643 Lucae
1639 584 1774 642 Evan-

242 673 396 730 gelium
416 681 456 715 et
489 673 548 715 D.
571 671 693 714 Pauli
715 670 905 727 Epistola
925 671 976 712 ad
1002 671 1226 723 Romanos,
1251 671 1428 728 quinque
1447 671 1607 715 circiter
1626 673 1772 716 abhinc

241 748 353 791 annis
373 747 539 803 scripta,
560 745 882 788 Christianorum
904 745 1189 787 Romanorum
1209 746 1396 788 manibus
1415 748 1668 800 terebantur)
1682 763 1774 804 per·

190 864 195 870 ,
240 822 403 864 celebre
421 821 574 863 Christi
587 819 756 862 effatum
772 836 782 862 ε
806 817 860 861 Εἴ
874 837 931 868 τις
948 818 1100 876 ἔρχεται
1116 820 1203 877 πρός
1215 838 1278 874 με,
1296 821 1358 862 καὶ
1379 822 1420 862 οὖ
1433 824 1540 876 μισεῖ
1549 820 1612 864 &ab
1624 821 1772 881 πατέρα

239 901 370 939 ἑαυτοῦ
391 898 455 938 καὶ
474 895 539 948 τήν
560 893 718 952 μητέρα,
736 895 798 936 καὶ
813 892 879 944 τήν
898 896 1077 950 γυναῖκα,
1094 895 1157 935 καὶ
1171 897 1222 936 τὰ
1241 893 1369 948 τέκνα,
1389 897 1452 937 καὶ
1471 896 1554 945 τοὺς
1572 897 1770 949 ἀδελφοὺς,

240 977 303 1016 καὶ
321 974 390 1021 τὰς
410 969 592 1022 αἶδελώοὶς,
614 968 665 1011 ἔτι
696 970 738 1010 δὲ·
753 969 816 1010 καὶ
846 967 912 1020 τήν
933 972 1062 1010 ἑαυτοῦ
1093 968 1239 1025 ψυχὴν,
1261 969 1303 1010 ου’
1330 969 1484 1012 δύναταί
1504 963 1576 1025 ficu
1603 970 1771 1026 μάθητῆς

238 1046 343 1088 εἶναι.
374 1049 402 1070 “
424 1045 469 1087 Si
490 1044 578 1101 quis
600 1042 735 1085 veniat
754 1044 804 1084 ad
824 1058 903 1094 me,
924 1051 965 1084 et
982 1058 1064 1083 non
1084 1042 1169 1084 odit
1190 1051 1347 1098 patrem
1369 1059 1502 1096 suum,
1522 1053 1563 1087 et
1583 1054 1768 1101 matrem,

238 1129 279 1163 et
308 1111 477 1162 uxorem
506 1126 547 1160 et
565 1117 687 1170 filios,
706 1125 746 1158 et
772 1117 928 1168 fratres,
959 1117 1089 1158 adhuc
1111 1114 1247 1158 autem
1272 1125 1314 1158 et
1332 1117 1508 1160 animam
1528 1125 1656 1174 suam,
1685 1135 1770 1163 non

237 1202 375 1250 potest
393 1209 508 1235 meus
527 1208 614 1234 esse
634 1189 898 1247 discipulus.''
957 1189 1064 1232 Luc.
1088 1204 1189 1231 xlv.
1209 1191 1279 1233 26.
1476 1178 1482 1180 i

295 1266 516 1310 Christiani
554 1273 623 1308 aut
659 1265 807 1317 nullos,
848 1273 917 1306 au't
959 1278 1122 1306 causam
1156 1279 1237 1306 non
1279 1263 1534 1320 obtenturos,
1571 1274 1767 1323 patronos

234 1343 426 1385 habuere.
486 1340 617 1397 Igitur
638 1339 816 1382 damnati
835 1348 950 1392 sunt;
981 1354 1062 1380 non
1083 1338 1122 1379 in
1141 1333 1310 1381 crimine
1329 1339 1516 1392 incendii,
1537 1341 1607 1383 sed
1627 1340 1768 1395 Chris-

233 1414 352 1460 ti'anae
380 1415 598 1472 religionis,
633 1414 712 1467 cui,
746 1415 802 1455 ob
842 1421 1022 1455 sanctam
1054 1421 1336 1469 austeramque
1361 1413 1489 1469 ipsius
1518 1413 1764 1470 placitorum

232 1500 433 1543 naturam,
465 1488 669 1531 exitiabile
701 1488 859 1543 generis
892 1487 1057 1542 humani
1091 1486 1230 1529 odium
1262 1487 1545 1544 objiciebatur,
1572 1489 1762 1533 convicti.

229 1565 418 1615 Tacitus,
434 1579 509 1620 pro
526 1563 599 1604 suz'i
614 1562 854 1614 sinceritate,
862 1563 919 1609 ‚ab
935 1561 1109 1603 incendii
1125 1560 1292 1603 crimine
1307 1561 1480 1604 absolvit
1492 1561 1763 1619 Christianos;

230 1655 309 1696 pro
329 1636 602 1695 praejudicatis
624 1645 759 1678 autem
780 1634 1057 1690 opinionibus,
1079 1643 1121 1677 et
1139 1636 1384 1688 rumoribus,
1403 1635 1472 1693 qui
1492 1636 1543 1679 de
1564 1635 1761 1699 Christia-

228 1729 376 1756 norum
397 1710 617 1754 sceleribus
645 1711 971 1766 percrebuerant,
990 1724 1061 1751 eos
1074 1724 1152 1766 per
1159 1709 1343 1767 flagztza
1370 1710 1536 1765 invisos,
1563 1718 1694 1755 sontes
1722 1719 1763 1756 et

229 1788 446 1832 novissima
466 1785 630 1828 meritos
649 1783 825 1840 scripsit.

284 1863 313 1906 J
319 1861 456 1905 udlces
478 1859 590 1912 verb,
604 1858 698 1901 cum
720 1858 770 1899 de
792 1855 1113 1899 Christianorum
1127 1856 1292 1900 crimine
1312 1865 1544 1912 statuerent,
1563 1859 1620 1903 ita
1640 1860 1760 1904 Prin-

227 1937 311 1994 cipi
329 1933 545 1992 gratificati
569 1940 675 1985 sunt,
706 1930 863 1988 sibique
892 1930 1144 1984 consuluere,
1175 1940 1222 1974 ut
1242 1931 1494 1975 Christianos
1515 1935 1758 1988 damnando,

227 2011 480 2066 ambiguam,
513 2006 709 2064 quantum
743 2012 922 2061 possent,
957 2005 1187 2047 incendium
1221 2005 1326 2048 inter
1360 2016 1401 2049 et
1431 2008 1759 2064 superstitionem
1792 2003 1794 2005 ¹

189 2100 192 2102 “
228 2084 467 2128 sententiam
498 2081 785 2138 relinquerent.
845 2079 996 2121 Poenas
1025 2095 1188 2137 quoque
1215 2081 1317 2122 adeo
1341 2082 1682 2140 adtemperavere‚
1711 2091 1759 2128 ut

227 2176 322 2203 cum
348 2156 603 2202 incendiariis
623 2163 664 2197 et
682 2153 896 2197 exitiabilis
922 2154 1214 2210 superstitionis
1242 2155 1469 2198 fautoribus
1488 2165 1621 2201 essent
1644 2173 1759 2210 com·
1819 2175 1822 2178 ’

224 2249 381 2276 munes.
441 2217 686 2274 Incendiarii
718 2246 768 2271 ex
799 2228 957 2284 legibus
975 2244 1129 2271 summo
1158 2229 1363 2287 supplicio*
1387 2238 1501 2273 erant
1529 2230 1756 2276 adficiendi.

226 2308 401 2351 Summo
421 2321 587 2364 quoque
607 2300 812 2360 supplicio
832 2302 1065 2359 plectuntur
1089 2302 1321 2357 Christiani,
1341 2304 1541 2348 seditiosae
1563 2313 1606 2348 et
1630 2306 1757 2349 male-
1799 2307 1805 2310 ”

223 2382 313 2424 ficae
334 2379 630 2436 superstitionis
652 2378 733 2420 rei:
757 2378 879 2435 juxta
897 2377 1006 2433 leges
1027 2377 1071 2419 in
1091 2393 1246 2420 crucem
1267 2377 1484 2432 tolluntur,
1514 2387 1590 2423 aut
1619 2379 1757 2426 bestiis

224 2455 490 2512 officiuntur,
525 2460 600 2495 aut
637 2452 730 2510 igni
768 2458 1012 2503 cremantur,
1051 2459 1164 2494 tanto
1214 2451 1559 2509 intemperantius,
1600 2463 1755 2512 quanto

220 2528 471 2572 humiliores.
530 2527 744 2569 Romanos
780 2525 1031 2568 Christianos
1073 2542 1168 2568 cum
1201 2526 1438 2569 doctoribus
1468 2527 1549 2570 suis
1581 2528 1754 2584 Judaeis‚

219 2611 339 2659 gente
358 2601 499 2654 invisa,
516 2600 685 2643 humilis
705 2609 800 2642 tunc
822 2599 945 2642 fuisse
964 2599 1208 2642 conditionis
1235 2609 1349 2656 patet
1367 2608 1453 2643 tum
1476 2616 1527 2644 ex
1548 2601 1608 2645 D.
1631 2584 1753 2647 Pauli

218 2676 393 2734 epistolii
414 2677 465 2718 ad
491 2676 718 2728 Romanos,
744 2676 837 2730 cap.
861 2689 963 2717 xvl.
992 2682 1079 2716 tum
1110 2690 1160 2716 ex
1181 2689 1394 2730 poenarum
1422 2675 1582 2729 natura,
1602 2676 1752 2734 quibus

217 2750 293 2794 viri
323 2750 497 2793 illustres
520 2765 602 2792 non
630 2742 798 2791 fuissent
828 2747 1009 2791 obnoxii.
1071 2747 1298 2806 Suppliciis
1327 2758 1463 2791 autem
1491 2749 1627 2793 addita
1656 2759 1750 2794 sunt
1803 2760 1807 2762 ’

214 2824 391 2868 ludibria
402 2824 591 2882 judicum
611 2822 855 2876 adulatione,
879 2839 931 2865 an
951 2821 1159 2879 Principis
1178 2822 1342 2880 ingenio
1362 2822 1574 2868 incertum.
1622 2821 1747 2868 Certe

217 2898 353 2944 hortos
366 2914 458 2944 suos
473 2899 511 2943 ei
528 2898 756 2957 spectaculo
781 2896 829 2941 N
826 2912 894 2941 ero
910 2897 1129 2942 obtulerat.
