1858 3224
27 716 43 819 12·

23 834 84 981 {j

14 986 77 1124 ἕ

117 156 311 200 ..w

459 151 769 192 ANNALIUM
798 151 963 191 LIBER
993 151 1344 195 UNDECIMUS.
1626 164 1676 200 21

114 263 206 315 nisi
232 264 412 329 jussus»,
450 257 614 308 iniret:
652 256 885 316 stationes,
931 256 1118 322 vigiliae,
1155 259 1322 309 diurna
1356 271 1681 330 nocturnaque

39 332 49 383 ἕ
116 341 296 400 munia,
331 339 380 387 in
414 337 552 386 armis
579 335 884 402 agitabantur.

98 414 152 448 '“
185 418 362 467 vallum
384 432 481 464 non
502 414 770 472 accinctus,¹
793 424 933 478 atque
955 413 1116 472 alium,
1140 415 1247 479 quia
1270 418 1474 483 pugione
1490 421 1678 470 tantum

955 337 1224 402 Feruntque
1262 343 1296 366 ‘⁵
1320 339 1531 400 militem,
1569 343 1679 407 quia

1083 494 1117 515 Β,

113 501 151 527 ‘⁶
183 496 417 545 accinctus
452 492 652 551 foderet,
688 503 839 540 morte
878 492 1079 556 punitos.
1191 495 1315 556 Quae
1351 495 1508 555 nimia,
1541 512 1587 545 et
1609 498 1678 546 in-

114 579 299 624 certum
329 589 390 621 an
415 570 535 620 falso
571 572 708 636 jacta,
743 569 972 635 originem
1009 581 1165 619 tamen
1201 571 1227 619 ὲ
1268 573 1507 622 severitate
1544 575 1677 627 ducis

114 664 330 701 traxere:
353 642 689 712 =intentumque
714 659 759 695 et
782 646 962 713 magnis
985 647 1161 696 delictis
1183 648 1520 700 inexorabilem
1543 654 1675 715 scias,

113 731 190 780 cui
212 741 395 780 tantum
415 725 666 792 asperitatis
683 725 821 773 etiam
843 725 1070 774 adversus
1095 726 1212 775 levia
1234 729 1527 780 credebatur.

182 890 260 935 19.
297 886 568 935 CETERUM
601 882 639 931 is
676 893 828 931 terror
857 881 1025 931 milites
1060 883 1311 950 hostesque
1345 885 1395 934 in
1431 886 1672 938 diversum

109 963 310 1014 adfecit.
361 978 448 1011 nos
490 962 710 1010 virtutem
768 962 1012 1012 auximus·
1001 999 1015 1023 ‚
1035 966 1050 984 ²
1098 963 1292 1011 Barbari
1336 963 1559 1014 ferociam
1603 967 1673 1016 in-

107 1041 310 1108 fregere.
395 1042 459 1090 Et
497 1040 622 1089 nafio
666 1040 940 1100 Frisiorum,
956 1044 968 1067 ³
1015 1052 1121 1106 post
1156 1042 1479 1102 rebellionem,
1534 1041 1670 1094 clade

107 1122 166 1171 L.
185 1119 419 1185 Apronii⁴
440 1130 660 1184 coeptam,
684 1117 878 1178 infensa,
901 1130 982 1166 aut
998 1118 1121 1167 male
1145 1120 1256 1179 fida,
1275 1120 1390 1169 datis
1413 1121 1670 1184 obsidibus,

35 1228 37 1231 v
107 1198 319 1249 consedit
361 1197 486 1262 apud
525 1213 663 1262 agros
709 1196 737 1244 a
774 1197 1049 1245 Corbulone
1082 1197 1355 1263 descriptos.

34 1281 41 1339 ᾗ
105 1288 288 1336 natum,
310 1275 621 1342 magistratus,
645 1275 772 1340 leges
793 1275 1027 1340 imposuit.

32 1395 34 1397 ,
106 1354 378 1422 praesidium
398 1352 662 1403 immunivit
674 1373 689 1414 ς
701 1355 715 1381 ⁵
738 1353 904 1413 missis,
921 1354 1002 1418 qui
1019 1356 1218 1420 majores
1237 1355 1458 1404 Chaucos
1472 1352 1490 1378 ⁶
1512 1359 1571 1404 ad
1589 1358 1670 1406 de..

105 1434 330 1483 ditionem
351 1431 639 1498 pellicerent,
656 1431 794 1480 simul
818 1434 1124 1482 Gannascum
1146 1434 1258 1482 'dolo
1280 1434 1665 1500 adgrederentur.

15 1512 22 1527 ³
103 1507 210 1563 Nec
244 1510 414 1571 inritae,
443 1521 523 1560 aut
558 1511 814 1576 degeneres
848 1510 1026 1560 insidiae
1041 1515 1058 1542 ⁷
1093 1509 1226 1560 fuere
1256 1512 1483 1562 adversus
1520 1525 1668 1563 trans-

0 1581 31 1651 l}
101 1588 288 1658 fugam,
322 1600 369 1639 et
402 1588 678 1638 violatorem
715 1589 840 1638 fidei.

101 1684 271 1720 corum
307 1678 506 1727 mentes,
540 1679 587 1716 et
624 1668 838 1717 Corbulo
871 1669 1048 1718 semina
1081 1669 1347 1718 rebellionis
1391 1671 1664 1735 praebebat;

0 1765 35 1823 ’ξ
61 1799 64 1801 ,
100 1757 156 1798 ut
183 1745 299 1797 laeta.
326 1747 454 1812 apud
481 1746 749 1812 plerosque,
781 1747 845 1795 ita
865 1749 990 1813 apud
1024 1749 1254 1814 quosdam
1287 1747 1469 1798 sinistra
1503 1747 1631 1799 fama.
1646 1766 1663 1800 τ

101 1830 140 1856 “
174 1826 279 1876 Cur
300 1825 484 1874 hostem
518 1825 756 1874 conciret?
790 1826 984 1875 adversa
1015 1826 1064 1874 in
1094 1826 1434 1892 rempublicam
1462 1844 1625 1877 casura
1643 1845 1659 1878 ε

6 1903 33 1957 J
103 1909 140 1934 ‘⁶
174 1904 291 1954 cum
307 1902 530 1969 prospere
548 1903 733 1970 egisset,
749 1903 1109 1954 formidolosum
1126 1905 1228 1970 paci
1244 1905 1399 1954 virum
1415 1905 1667 1972 insignem,

1426 1200 1558 1248 Idem
1576 1227 1579 1230 ·
1599 1218 1670 1250 se-

1097 1279 1172 1325 Ac
1194 1292 1255 1324 ne
1274 1278 1400 1342 jussa
1421 1291 1669 1339 exuerent,

910 1591 1005 1639 Sed
1041 1591 1171 1640 caede
1196 1592 1295 1657 ejus
1325 1603 1467 1641 motae
1505 1593 1668 1642 Chau-

102 1987 138 2013 “
168 1993 219 2034 et
254 1981 424 2050 ignavo
455 1981 650 2048 principi
685 1985 1031 2050 praegravem.'’
1100 1984 1249 2051 Igitur
1281 1983 1508 2035 Claudius
1540 1984 1662 2034 adeo

153 2139 168 2159 ¹
198 2141 292 2182 Non
323 2140 531 2183 accinctas.
570 2140 615 2180 Id
657 2148 727 2190 est,
761 2156 839 2182 non
966 2141 981 2164 ⁵
1010 2143 1234 2181 Praesidium
1254 2142 1476 2181 immuni-vit.
1507 2143 1657 2180 Immu-

97 2358 304 2410 dispositis,

100 2195 252 2237 cinctus
278 2195 420 2248 gladio.
477 2196 541 2236 Sic
577 2196 676 2234 enim
713 2199 837 2249 Vege-

21 2283 25 2286 .
98 2251 191 2313 tius,
224 2262 294 2291 111,
323 2255 362 2291 8,
427 2249 557 2291 Sentis
593 2264 637 2289 ac
675 2253 837 2292 sarculis

26 2303 29 2306 “
97 2305 176 2344 cuis
206 2304 244 2342 in
264 2306 388 2344 orbem
412 2306 515 2344 eirca
538 2306 697 2356 propria
724 2306 835 2359 signa

347 2358 464 2398 cincti
504 2359 651 2411 gladio,
683 2360 853 2413 fossam·

98 2414 288 2462 aerium,
307 2414 424 2454 latam
437 2420 505 2452 aut
522 2425 592 2452 ιιοϊ
596 2427 663 2459 em,
682 2421 750 2453 aut
768 2429 837 2454 un-

95 2426 228 2514 geim,
247 2473 316 2507 aut
332 2468 512 2507 tredecim
524 2467 695 2518 pedibus.

151 2518 169 2538 ²
199 2521 391 2561 Virtutem
420 2521 602 2561 auximum.
668 2523 833 2562 Mallem

23 2616 26 2617 ⁷
94 2575 252 2614 virente.
310 2577 371 2615 Ita
394 2589 552 2628 quoque
588 2577 719 2628 Lipsio
750 2578 832 2628 pla-

95 2629 233 2670 citum.
262 2630 390 2683 Supra.
413 2630 558 2687 Α111131.
578 2643 638 2673 ιν.
656 2635 723 2672 41
740 2631 833 2671 verd

2 2695 27 2722 21
88 2683 264 2736 potentid
281 2697 434 2737 augere.

149 2734 166 2759 ⁸
195 2738 320 2777 Natio
339 2738 561 2779 Frisiorum
618 2740 726 2780 Frisii
752 2753 832 2778 ma-

15 2804 22 2815 ’
93 2791 263 2832 ritimam
281 2805 389 2832 oram
405 2793 503 2831 inter
521 2793 646 2835 Rheni
665 2802 704 2833 et
720 2795 831 2834 Ami-

14 2846 17 2866 '³
93 2845 174 2892 eiae.
189 2847 287 2885 ostia
304 2847 536 2887 incolebant

146 2897 168 2922 ⁴
196 2899 314 2943 Clade
350 2901 398 2940 Ι.
418 2902 595 2953 Apronii.
652 2903 715 2942 De
750 2902 831 2954 qui

95 2953 246 2995 dictum
263 2967 384 3009 supra
403 2956 547 2997 Annal.
567 2969 627 2996 w.
642 2961 694 3002 73
713 2963 752 2997 ct
766 2961 832 3002 74.

910 2198 1037 2236 nitum
1056 2197 1168 2236 fuisse
1187 2196 1287 2235 illud
1317 2197 1553 2247 praesidium,
1585 2197 1655 2235 ubi

911 2265 1016 2290 nunc
1032 2253 1122 2290 urbs
1135 2251 1359 2303 Groningen
1379 2251 1492 2290 docet
1511 2251 1655 2290 01111-

912 2306 1006 2378 ting,
1029 2306 1154 2345 Notit.
1172 2306 1358 2344 German.
1378 2305 1492 2344 Infit.
1512 2319 1552 2357 p.
1567 2309 1636 2344 48.

962 2356 1185 2412 ⁶]lIcy0res
1203 2359 1384 2399 Chaucos.
1436 2361 1519 2398 Hos
1537 2360 1654 2398 Taci-

910 2421 972 2454 tus
990 2415 1118 2453 dicerc
1135 2415 1302 2458 videtur,
1332 2414 1400 2464 qui
1427 2415 1525 2453 inter
1544 2414 1655 2453 Ami-

908 2469 1018 2516 siam,
1049 2469 1112 2508 the
1141 2468 1246 2515 Erus,
1276 2477 1315 2506 ct
1346 2469 1558 2520 Visurgim,
1588 2469 1653 2507 the

914 2523 1055 2572 Weser,
1091 2523 1342 2568 habitabant3
1373 2536 1488 2574 <quos
1524 2523 1653 2562 Ptole—

909 2590 1043 2625 maeus,
1071 2582 1206 2616 11.11.
1235 2578 1397 2616 minores
1424 2577 1652 2629 appellavit.

908 2631 1091 2670 Tacitum
1108 2632 1284 2683 sequitur
1301 2632 1651 2683 (3159011131,Νο-

909 2685 968 2725 tit.
987 2686 1171 2725 Gen-‚man
1190 2686 1325 2736 Antiq.
1346 2700 1384 2738 p.
1398 2690 1477 2726 302
1497 2693 1535 2724 et
1552 2699 1632 2737 seq.

965 2737 979 2759 ⁷
1010 2740 1103 2779 Nec
1116 2740 1254 2788 iuriae,
1279 2747 1346 2779 aut
1365 2741 1565 2792 degeneres
1593 2741 1650 2778 iu-

906 2794 1026 2833 sidiae.
1083 2795 1203 2833 Haud
1238 2802 1365 2833 tamen
1399 2795 1454 2833 ita
1488 2795 1649 2842 nobiles,

908 2848 1004 2887 licet
1031 2850 1203 2900 probatae
1223 2848 1284 2887 Cl.
1302 2849 1456 2896 G1otio‚
1482 2849 1529 2888 de
1549 2849 1647 2890 Jure

909 2903 1000 2943 belli
1017 2911 1054 2942 et
1072 2905 1192 2956 pacis,
1211 2915 1281 2944 111.
1299 2906 1339 2943 4.
1368 2917 1407 2944 n.
1431 2907 1494 2944 18.
