1858 3224
397 143 477 185 AD
507 141 611 193 ΜΒ.
640 142 716 183 XI.
742 142 881 183 ANN.
909 142 957 183 C.
986 142 1158 184 CORN.
1184 143 1387 183 TACITI.
1577 145 1657 183 ³51

154 243 387 297 (20an
404 245 542 299 etiam,
573 261 664 303 quae
690 244 798 303 juris
829 253 943 288 erant
962 244 1123 302 privati,
1149 244 1330 298 libertas,
1360 259 1473 301 genS,
1502 258 1661 288 connu-

113 320 196 375 bia,
218 321 291 379 jus
310 320 506 377 patrium,
538 321 610 378 jus
630 319 820 376 legitimae
839 319 1142 373 dominationis,
1171 320 1355 372 dominii,
1385 318 1661 376 usucapionis.

113 393 321 442 Hoc-Im
344 393 592 442 Quiritium.

176 469 280 515 Non
302 469 441 514 Latini
459 471 634 523 tantum,
664 470 705 512 id
736 477 811 523 est,
843 468 954 512 Latii
988 468 1147 523 incolae,
1179 470 1251 512 sed
1280 468 1377 512 Itali
1408 485 1587 527 quoque,
1616 470 1659 512 id

103 553 191 598 fest,
221 546 293 604 qui
312 545 418 589 inter
445 554 665 603 utrumque
683 561 796 588 mare
815 545 866 587 ad
887 543 1151 587 Rubiconem
1170 559 1301 602 usque
1319 544 1488 586 fluvium
1509 544 1664 590 incole-

113 621 228 681 bant,
249 621 323 679 jus
341 618 368 664 ὲ
397 620 600 667 Romanis
634 620 846 663 consecuti
880 628 986 673 sunt,
1019 619 1130 676 quod
1149 619 1304 662 dictum
1336 626 1399 660 est
1429 617 1511 661 Jus
1534 618 1661 667 Itali-

113 711 220 743 cum·
278 695 308 742 J
312 711 360 739 us
391 694 492 738 illud
512 693 713 741 Italorum
747 695 904 737 videtur
925 693 1060 750 primo
1081 692 1429 750 fuissealiquanto
1449 693 1660 737 deterioris

107 769 372 823 conditionis,
401 766 528 827 quam
565 769 837 813 Latinorum:
869 769 940 811 sed
973 769 1137 812 tandem
1171 766 1223 811 εὸ
1256 767 1400 810 recidit
1432 775 1479 809 ut
1511 767 1661 811 immu-

111 844 217 890 nitas
235 841 260 887 ὶ
279 859 403 889 censu
421 843 568 901 capitis
581 852 623 886 et
641 843 719 886 soli
738 851 844 886 esset
864 841 946 886 Jus
963 842 1177 886 Italicum.
1663 834 1667 839 ⁵

150 974 153 978 ν
173 919 328 972 Roma,
346 919 451 962 inter
469 919 662 962 arctiores
683 918 877 962 conclusa
894 917 1009 971 fines,
1029 918 1136 961 cives
1155 917 1352 960 militesve
1372 915 1454 959 alie>
1475 917 1659 971 deduxit,

114 993 186 1053 qui
228 994 322 1038 loca
368 993 448 1037 sibi
495 994 704 1050 adsignata
743 993 980 1037 incolerent.
1055 992 1139 1036 Hae
1179 1001 1272 1036 sunt
1322 991 1541 1054 Coloniae,
1567 1007 1659 1048 quae

115 1067 318 1113 Romanis
359 1070 601 1124 regebantur
647 1067 824 1124 legibus.
882 1067 990 1112 Aliae
1032 1075 1163 1120 erant,
1217 1067 1368 1124 quibus
1408 1067 1480 1123 jus
1528 1065 1658 1109 Italiae

112 1143 310 1198 (iubatum
353 1142 458 1196 aliae,
502 1158 594 1202 quae
623 1142 894 1198 Latinorum3
936 1141 1040 1196 aliae,
1070 1158 1162 1200 quae
1190 1141 1340 1186 civium
1373 1141 1660 1184 Romanorum

111 1226 261 1278 essent.

174 1283 430 1352 Municipim
460 1309 533 1338 seu
567 1291 819 1349 Municipes,
858 1291 967 1335 cives
1001 1299 1115 1335 erant
1148 1290 1343 1342 Romani,
1386 1288 1547 1346 legibus
1577 1291 1660 1335 suis

113 1374 288 1422 utentes,
316 1367 497 1413 muneris
516 1368 678 1411 tantum
699 1382 794 1408 cum
813 1366 972 1423 populo
994 1367 1186 1410 Romano
1201 1365 1408 1409 honorarii
1426 1364 1661 1422 participes,

112 1439 140 1485 ὁ
157 1457 242 1500 quo
261 1458 429 1486 munere
448 1442 699 1499 capessendo
725 1440 922 1498 appellati
957 1441 1171 1485 videntur:
1216 1440 1337 1485 nullis
1367 1439 1455 1484 aliis
1486 1439 1662 1485 necessi·

112 1516 280 1570 tatibus,
309 1532 445 1575 neque
462 1516 550 1561 ulla
569 1515 717 1573 populi
739 1515 919 1559 Romani
938 1514 1029 1572 lege
1048 1516 1244 1569 adstricti,
1264 1516 1306 1560 ni
1319 1514 1501 1573 populus
1515 1531 1660 1561 eorum

112 1592 264 1636 fundus
281 1593 414 1636 factus
432 1594 552 1636 foret.

175 1663 327 1710 Liberi
337 1666 486 1725 populi
505 1666 591 1711 suis
608 1667 838 1722 gaudebant
856 1665 1040 1722 legibus:
1070 1665 1174 1709 levia
1207 1666 1365 1710 tantum
1383 1674 1424 1709 et
1444 1674 1592 1722 sponte
1609 1666 1662 1709 ad

115 1756 317 1799 expensas
345 1741 536 1798 publicas
569 1741 900 1794 contribuebant,
946 1740 1052 1784 sicut
1084 1749 1129 1783 et
1162 1740 1374 1784 Foederati
1399 1740 1561 1798 populi,
1591 1741 1662 1798 qui

112 1816 254 1860 vfoedus
282 1831 380 1859 cum
415 1815 575 1874 populo
604 1816 800 1859 Romano
830 1815 1017 1859 inierant.
1079 1815 1286 1859 Immunes
1305 1814 1402 1859 vero
1415 1815 1579 1873 populi,
1607 1817 1662 1860 ab

116 1889 231 1933 omni
250 1889 424 1947 publico
455 1905 581 1933 onere
615 1890 753 1934 soluti.
817 1889 1109 1949 Stipendiarii‚
1139 1889 1314 1947 vectigal
1343 1898 1502 1933 certum
1533 1890 1665 1932 solve·

116 1966 232 2020 bant,
275 1965 386 2024 quod
411 1965 728 2024 stipendiarium
756 1965 936 2016 dicitum
979 1965 1099 2023 quasi
1131 1965 1314 2009 victoria:
1336 1965 1569 2022 praemium,
1611 1979 1663 2008 ac

113 2054 281 2097 poenam
303 2039 416 2083 belli.
477 2040 628 2084 Cicero
648 2041 690 2083 in
705 2041 893 2094 Verrem,
926 2055 1005 2084 111.
1029 2042 1072 2084 6.

176 2115 287 2158 Haec
307 2115 379 2173 qui
397 2115 529 2159 fusius
557 2115 763 2173 explicata
782 2115 961 2169 reperire
982 2114 1171 2167 voluerit,
1203 2115 1323 2158 adeat
1340 2114 1522 2158 eruditos
1540 2114 1662 2168 viros,

116 2188 412 2244 Heineccium,
443 2189 594 2248 Antiq.
618 2189 800 2234 Roman.
822 2190 1063 2248 Jurisprud.
1093 2189 1192 2233 Vol.
1216 2204 1247 2232 1.
1278 2189 1520 2247 Appendix.
1539 2205 1664 2247 capp.

118 2274 157 2312 1.
186 2274 216 2313 Ω
245 2276 287 2312 et
306 2274 347 2312 3.
378 2277 421 2313 et
449 2270 609 2324 Florez,
639 2269 853 2332 Medullas
871 2270 921 2313 de
955 2257 1144 2327 Espaaefa.
1175 2286 1218 2327 p.
1238 2276 1293 2314 85
1315 2279 1357 2313 et
1375 2285 1461 2328 seq.

177 2343 496 2388 Observandum
516 2354 654 2388 autem
686 2346 775 2403 hvaec
807 2345 962 2398 omnia,
991 2354 1038 2388 ut
1067 2346 1270 2387 donorum
1299 2353 1446 2388 natura
1476 2352 1554 2398 est,
1585 2360 1665 2402 pro

56 2456 70 2464 .
116 2416 286 2461 arbitrio
306 2419 544 2477 reipublicae
575 2428 647 2463 aut
667 2420 929 2478 Principum,
960 2419 1086 2475 modo
1102 2420 1325 2473 liberalius,
1355 2418 1482 2463 modo
1501 2419 1664 2476 parcius

117 2492 245 2536 fuisse
257 2508 466 2538 concessa.
490 2493 555 2538 Ita
565 2495 647 2539 hoc
661 2494 703 2538 in
717 2494 986 2540 locoTacitus
997 2504 1199 2539 memorat
1213 2495 1413 2552 primores
1426 2494 1665 2549 Gallorum,

115 2565 324 2610 civitatem
345 2567 580 2611 Romanam
592 2570 682 2627 jam
702 2570 862 2627 pridem
893 2580 1116 2623 assecutos,
1138 2571 1210 2629 jus
1235 2569 1592 2628 adipiscendorum
1624 2569 1666 2613 in

115 2639 235 2685 Urbe
250 2642 452 2686 honorum
467 2652 674 2701 expetere.
705 2643 876 2702 Nempe
895 2645 1037 2688 civitas
1054 2644 1244 2688 Romana
1258 2657 1566 2701 nonnumquam
1580 2644 1666 2687 sine

114 2714 197 2759 hoc
215 2716 430 2777 privilegio
449 2717 720 2761 tribuebatur.
751 2718 887 2773 Unde,
907 2728 1011 2762 teste
1028 2719 1164 2772 Livio,
1186 2734 1256 2762 lx.
1278 2725 1348 2763 43.
1379 2723 1410 2745 ‘⁶'
1422 2719 1664 2775 Anagninis,

40 2804 71 2850 ‘l
115 2789 269 2849 quique
287 2802 402 2836 arma
421 2791 624 2836 Romanis
642 2792 878 2849 intulerant,
909 2794 1049 2838 civitas
1070 2795 1156 2838 sine
1176 2794 1358 2851 suffragii
1376 2793 1530 2838 latione
1544 2795 1662 2838 data:
