1858 3224
228 174 312 219 336
618 169 780 215 NOTAE
810 175 879 227 ΕΤ
905 169 1349 214 EMENDATIONES·

229 278 255 321 Ξι
273 276 448 335 vulgati,
464 290 557 336 quae
582 277 805 320 Pichenam
825 286 1033 319 auctorem
1059 276 1194 328 habet,
1214 292 1297 318 non
1324 277 1462 320 extim.
1488 278 1534 322 in
1561 279 1752 324 concione

229 351 289 396 P.
311 351 370 396 R.
386 351 529 411 fateri
557 348 637 394 διὸ.
684 350 727 393 Is
749 351 911 408 quidem
931 366 980 392 ex
1007 349 1114 392 Cod.
1143 350 1254 392 Flor.
1284 353 1387 394 bene
1418 352 1590 396 restituit
1604 353 1752 412 fateri

227 427 359 484 (quod
384 425 602 468 Rhenanus
621 425 825 475 omiserat,
858 434 904 466 ut
935 424 976 466 in
997 423 1104 467 Cod.
1135 425 1244 466 Bud.
1274 441 1355 467 non
1373 425 1521 480 visum)
1541 428 1611 470 sed
1640 427 1749 471 idem

227 499 429 544 revocavit
447 499 493 542 in
512 499 714 542 concione.
774 499 966 540 Necdum
986 498 1098 549 vero,
1118 492 1194 540 isita
1212 499 1259 541 in
1278 500 1480 542 concione‘
1489 499 1548 542 Pa
1565 500 1624 545 R.
1650 501 1751 548 olim

227 576 465 626 vociferanS,
480 589 523 616 se
538 582 746 616 auctorem
766 572 885 614 caedis
906 573 1033 614 fassus
1052 581 1151 615 erat.

288 718 410 763 CAP.
430 726 473 762 2.
507 712 563 762 In
583 717 888 776 omniflagitz'o.
920 711 1071 759 Mallet
1091 716 1309 761 Rhenanus
1324 710 1370 761 in
1389 733 1506 762 omne
1507 717 1731 778 flagitium
1737 734 1754 769 ,ς

230 796 456 853 probatque
478 793 700 835 Ernestus:
729 807 803 834 nec
832 788 1052 835 immerito.
1112 793 1226 835 Ferri
1252 800 1386 836 tamen
1415 792 1552 850 §otest
1570 793 1617 836 in
1642 793 1756 837 omni

211 869 406 927 flagitio.

290 943 358 986 Ac
382 941 644 999 postremum.
677 938 815 982 MSS.
848 939 990 983 Guelf.
1030 939 1150 982 Harl.
1189 950 1231 984 et
1268 942 1357 986 Jes.
1402 944 1462 986 ad
1487 953 1755 1002 postremum.

233 1016 378 1061 Latine
398 1014 575 1073 quidem,
599 1012 670 1058 sed
689 1015 854 1058 duriter.
913 1014 1022 1057 Mox
1041 1014 1150 1056 enim
1168 1016 1348 1072 sequitur
1376 1018 1435 1060 ad
1451 1021 1573 1076 quod.

290 1159 411 1204 CAP.
444 1166 487 1204 3.
529 1159 614 1203 Sed
651 1152 913 1203 consultanti.
973 1158 1077 1201 MS.
1118 1159 1238 1202 Harl.
1269 1162 1538 1208 consultante.
1604 1160 1758 1212 Manet

197 1242 200 1245 “
231 1235 428 1279 Emestus
447 1234 784 1278 consultantibus.
818 1234 1050 1291 Utrumque
1072 1233 1277 1277 Latinum.
1313 1236 1608 1284 Emendatione
1621 1250 1758 1286 tamen

230 1325 315 1352 non
341 1309 491 1365 indiget
515 1308 677 1364 vulgata
705 1307 843 1353 lectio.
902 1308 1053 1365 Neque
1087 1308 1153 1350 hic
1187 1309 1324 1352 omnia
1359 1311 1508 1366 hiulca,
1546 1324 1593 1359 ut
1628 1316 1760 1360 voluit

235 1383 416 1441 Lipsius.

291 1458 355 1502 Ei
380 1459 523 1502 mortis
556 1457 792 1501 arbitrium.
835 1457 972 1500 MSS.
1005 1456 1125 1501 Harl.
1147 1455 1273 1502 Bodl.
1294 1460 1381 1504 Jes.
1413 1461 1588 1508 liberum
1617 1467 1763 1513 mortis

233 1534 457 1577 arbitrium
478 1532 518 1575 ei
528 1532 734 1589 permisit.
764 1532 834 1575 Ad
850 1548 965 1574 aures
982 1535 1305 1576 accommodate.
1759 1596 1761 1598 ι

296 1609 449 1660 Quom,
467 1606 578 1666 quod
607 1638 618 1648 .
641 1638 652 1648 .
673 1638 683 1648 .
704 1606 879 1649 caderet.
923 1606 1126 1650 Gruterus
1157 1608 1354 1651 omissum
1385 1610 1520 1664 vellet,
1551 1611 1663 1671 quad
1679 1600 1692 1658 ’,
1714 1649 1725 1659 ,
1747 1650 1759 1660 ,

236 1685 412 1730 caderet.
483 1681 655 1724 Rectifis
699 1689 997 1736 expungeretur
1034 1680 1157 1738 quod,
1197 1691 1244 1724 ut
1287 1682 1416 1726 visum
1466 1685 1683 1733 Gronovio
1719 1700 1764 1735 et

236 1760 430 1803 Ernesto.
490 1756 620 1799 Haud
638 1763 772 1798 tamen
789 1754 1070 1810 improbabilis
1089 1755 1250 1812 vulgata
1268 1757 1484 1814 scriptura.

295 1902 367 1946 CA
374 1916 416 1944 P.
429 1908 473 1945 4.
498 1901 658 1948 Quibus
673 1901 807 1945 Petra
821 1912 1142 1962 cognomentum.
1156 1904 1207 1947 In
1220 1904 1323 1948 MS.
1340 1905 1445 1962 Reg.
1458 1907 1765 1966 quibusproeter

237 1991 471 2035 cognomen.
531 1976 671 2019 Editio
688 1977 892 2033 princeps,
914 1979 1061 2036 quibus
1068 1987 1144 2036 pet
1165 1995 1398 2038 cognomen.
1434 1981 1608 2038 Optime
1622 1998 1763 2026 emen-

238 2050 345 2094 davit
362 2050 625 2102 Puteolanus,
645 2051 791 2108 quibus
817 2051 947 2094 Petra
969 2061 1276 2111 cognomentum
1287 2071 1301 2105 ‚·
1321 2064 1362 2097 et
1381 2055 1437 2098 ita
1455 2056 1604 2100 habent
1625 2056 1763 2102 MSS.

240 2140 381 2167 omnes
399 2120 599 2167 Va'ticani.
642 2125 715 2166 Ab
728 2125 789 2167 his
809 2126 1012 2182 equitibus
1029 2127 1314 2183 cognominata
1332 2129 1489 2172 videtur
1506 2130 1570 2173 ala
1585 2130 1775 2182 Petrina,·

241 2214 331 2255 quae
360 2207 608 2240 memoratur
641 2199 743 2241 infra
773 2199 886 2242 Hist.
920 2214 952 2244 1.
984 2206 1055 2247 70.
1089 2210 1130 2243 et
1159 2216 1225 2243 1v.
1256 2208 1327 2250 49.
1373 2203 1513 2261 Hujus
1550 2204 1623 2247 alae
1656 2213 1766 2248 extat

241 2272 437 2315 memoria
472 2273 515 2314 in
551 2281 685 2314 vetere
721 2272 855 2328 lapide
893 2276 1002 2330 apud
1052 2275 1280 2330 Brigantas,
1318 2292 1424 2319 nunc
1471 2277 1766 2332 Cumberland‚

242 2355 419 2402 reperto,
454 2347 505 2388 de
541 2362 626 2402 quo
665 2345 878 2390 Camden's
920 2347 1151 2392 Britannia
1193 2350 1248 2408 by
1288 2349 1456 2410 Gouglt,
1508 2351 1592 2395 Ed.
1643 2355 1765 2396 1806.

242 2418 342 2462 Vol.
363 2433 437 2462 111.
468 2435 510 2475 p.
534 2420 635 2463 426.

891 2522 1121 2536 000000
