1858 3224
394 135 480 192 An
504 151 605 191 Lm.
635 149 862 189 XLANN.
894 151 941 189 c,
971 150 1139 191 conN.
1167 140 1368 193 'rA'ciTL
1584 158 1666 201 349

155 350 158 355 ·
180 329 301 375 CAP.
331 335 403 374 20.
443 327 500 373 Ut
519 337 655 373 tamen
675 330 803 373 miles.
865 327 982 372 Bene
1005 329 1107 372 MS.
1130 330 1236 386 Reg.
1256 339 1297 372 et
1316 330 1440 373 editio
1460 331 1665 388 princeps.

121 402 335 462 Co'r'r'upte
366 405 408 448 in
439 404 543 448 MS.
566 405 677 447 Flor.
711 405 767 448 vi.
830 404 1056 460 Perperam
1090 404 1227 447 MSS.
1252 405 1376 447 Bodl.
1401 405 1489 448 Jes.
1517 405 1664 448 Guelf-

121 488 162 522 et
185 478 440 522 Puteolanus
462 494 511 522 ne
531 486 681 522 tamen.

180 553 237 596 In
268 551 372 614 a'gro
409 553 634 597 Mattiaco.
696 553 799 596 MS.
822 553 928 609 Reg.'
952 551 1159 594 Matiaco.
1220 551 1358 594 MSS.
1391 553 1512 597 Harl.
1538 555 1663 599 Bodl.

118 627 209 672 Jes.
231 637 274 671 et
307 627 560 671 Puteolanus
583 627 822 670 Machiaco.
884 627 1017 669 Recte
1045 627 1304 669 emendatum
1329 626 1552 671 Mattiaco.
1615 630 1665 673 In

117 703 264 745 eodem
294 717 393 758 agro
423 704 557 745 fontes
585 711 712 755 erant,
744 703 794 744 de
818 700 968 758 quibus
1001 700 1176 753 Plinius,
1198 716 1346 744 xxxi.
1369 708 1408 744 2.
1441 707 1470 727 “
1491 704 1596 746 Sunt
1624 715 1666 747 et

118 773 316 821 Mattiaci
342 776 384 819 in
415 776 645 819 Germanii&⁴
682 778 816 819 fontes
847 774 966 816 calidi
1000 783 1107 817 trans
1141 775 1375 818 Rhenum.’'
1435 777 1542 820 Haec
1567 779 1663 821 cum

117 849 173 894 ita
207 850 300 904 sint,
339 850 490 894 mirum
525 851 621 893 sane
653 850 859 892 videbitur
890 850 1086 892 Tacitum
1118 850 1325 906 scripsisse
1363 851 1404 893 in
1438 851 1579 894 libello
1614 855 1663 895 de

119 924 316 968 Moribus
338 926 535 969 German.
561 941 601 968 v.
624 941 666 967 se
694 924 849 967 nescire
870 926 1008 966 utrum
1030 924 1112 966 ulla
1133 924 1368 968 Germaniae
1390 942 1490 968 vena
1522 920 1664 982 argen-

118 1006 207 1042 tum
227 1016 422 1043 aurumve
443 1001 595 1056 gignat.
661 998 767 1045 Quis
787 999 895 1042 enim
919 1006 1123 1042 scrutatus
1144 1007 1200 1042 est
1214 999 1238 1041 fe
1298 1001 1379 1042 Sed
1401 1001 1463 1042 vel
1484 1003 1534 1043 de
1557 1001 1665 1044 Ger-

115 1074 246 1117 manis
264 1074 437 1118 Tacitus
474 1075 541 1117 hic
572 1074 767 1131 loquitur,
798 1074 862 1116 vel
892 1074 986 1116 cum
1021 1074 1109 1116 baec
1146 1075 1356 1126 scriberet,
1388 1077 1438 1117 ad
1473 1075 1663 1119 Curtium

117 1147 276 1192 Rufum
302 1165 386 1192 non
413 1149 596 1192 attendit.
659 1149 783 1192 Certe
817 1165 898 1191 non
933 1149 1230 1191 emendandum
1263 1149 1473 1202 Baiae-iaco,
1505 1159 1549 1193 ut
1579 1151 1664 1194 vult

117 1222 304 1281 Lipsius,-
334 1223 404 1281 qui
424 1225 474 1267 de
493 1224 641 1267 Afric-22
659 1223 860 1280 intelligit.
922 1223 1045 1266 Patet
1068 1239 1116 1266 ex
1141 1239 1233 1280 cap.
1267 1240 1349 1281 seq.
1388 1225 1544 1267 Rufum
1567 1234 1662 1269 tunc

113 1313 199 1355 non
215 1298 342 1350 ‚fuisse
361 1298 404 1341 in
422 1298 581 1342 Africa.

173 1464 294 1523 CAP}
313 1472 384 1509 22.
418 1465 488 1509 De
506 1481 546 1509 se
570 1465 742 1508 Novius.
804 1465 982 1508 Nullum
1009 1466 1075 1508 hic
1108 1466 1262 1508 hiatum
1297 1465 1428 1522 reperi
1458 1465 1498 1507 in
1529 1449 1677 1514 tribus,

113 1537 254 1583 MSS.
289 1540 513 1583 Vaticanis.
575 1541 657 1583 Sed
688 1540 882 1597 corrupte
903 1542 1125 1583 admodum
1145 1540 1328 1592 dsononi,
1359 1540 1407 1582 de
1426 1540 1583 1594 senoni,
1608 1541 1657 1584 de

112 1629 154 1658 se
172 1615 282 1659 novi.
344 1614 395 1656 In
414 1615 554 1658 MSS.
590 1615 715 1657 Bodl.
740 1614 862 1658 Harl.
895 1615 986 1659 Jes.
1019 1616 1069 1657 de
1104 1631 1144 1657 se
1176 1615 1333 1659 novius.
1395 1615 1451 1656 Et
1473 1626 1574 1671 puto
1597 1615 1654 1658 sic

110 1688 320 1746 scripsisse
349 1689 560 1734 Tacitum.
622 1690 755 1732 Casus
790 1690 981 1732 varietate
1015 1690 1256 1742 orationem,
1300 1706 1414 1732 more
1449 1706 1538 1737 suo.
1576 1692 1655 1733 dis-

109 1763 243 1807 tinxit.
304 1763 468 1806 Eadem
500 1765 696 1807 brevitate
729 1764 910 1818 dixisset,
955 1765 1005 1807 de
1037 1781 1076 1807 se
1108 1764 1323 1823 confessus,
1363 1765 1539 1807 conscios
1573 1781 1654 1808 non

59 1850 64 1859 ‘
108 1833 253 1895 edidit.
313 1839 384 1882 Sic
405 1838 570 1892 Florus,
605 1854 635 1882 1.
674 1847 707 1881 1.
754 1846 780 1864 “
804 1839 903 1882 Hoc
930 1841 981 1882 de
1012 1856 1055 1882 se
1077 1841 1267 1882 sacerdos
1286 1840 1447 1895 gravida
1468 1842 1654 1883 confessa

109 1904 185 1967 estj
215 1929 292 1957 nec
311 1911 408 1956 mox
430 1916 540 1957 fama
559 1914 797 1957 dubitavit.''
858 1915 916 1957 Et
933 1914 1071 1957 Tacit.
1091 1913 1243 1958 Annal.
1279 1929 1381 1956 xlv.
1411 1920 1481 1962 59.
1531 1921 1559 1940 “
1582 1916 1651 1959 De

108 1979 222 2034 mede
243 1989 369 2034 Sullae
385 1989 604 2047 Plautique
624 1990 734 2032 haud
753 1989 1005 2033 confessus.”

169 2063 603 2125 Cteutiqueflprimzim.
665 2064 805 2107 Locus
823 2065 890 2107 hic
911 2065 1060 2106 mirum
1088 2064 1132 2106 in
1162 2066 1332 2107 modum
1366 2067 1420 2107 ab
1454 2065 1653 2123 interpre-

106 2139 214 2184 tibus
236 2148 428 2192 vexatus;
457 2132 501 2181 'et
521 2139 742 2182 immerito.
804 2138 917 2181 Nam
942 2140 974 2182 si
1001 2141 1052 2181 ad
1071 2139 1209 2182 Taciti
1230 2140 1501 2182 narrationem
1524 2150 1653 2183 atten-

105 2215 238 2266 datur,
282 2213 382 2256 nihil
418 2213 667 2270 culpandum
702 2214 894 2256 occurrit,
956 2213 1030 2257 Ait
1061 2214 1313 2268 Quaestores,
1355 2214 1651 2272 imperantibus

103 2288 284 2346 regibuS‚
313 2289 438 2331 fuisse
457 2288 681 2342 institutos,
713 2291 943 2346 probatque
962 2288 1063 2344 legis
1095 2289 1275 2331 Curiatae
1296 2289 1550 2342 auctoritate,
1586 2290 1652 2332 cui

103 2363 200 2418 sane
235 2363 437 2408 consentit
475 2362 692 2420 Ulpianus,
744 2363 908 2419 Digest.
947 2362 1039 2405 libr.
1082 2378 1122 2405 1.·
1157 2363 1245 2407 Tit.
1292 2370 1352 2407 13.
1414 2362 1487 2406 De
1520 2365 1648 2422 qffi'cio

100 2424 326 2499 quaestoris.
388 2437 528 2495 Pulsis
561 2439 741 2494 regibus,
773 2439 920 2480 mansit
953 2435 1188 2481 consulibus
1222 2447 1404 2496 potestas
1445 2439 1646 2496 deligendi

102 2511 350 2574 quaestores3
380 2528 455 2556 nec
477 2515 702 2569 refragatur
723 2512 969 2556 Plutarchus
990 2513 1030 2555 in
1053 2512 1288 2567 Poblicola,
1320 2530 1362 2570 p.
1389 2519 1481 2556 103.
1521 2515 1646 2556 Anno

100 2581 174 2631 63.
215 2596 312 2644 post
341 2587 484 2644 pulsos
516 2603 646 2644 reges,
678 2585 732 2630 U.
755 2587 807 2630 C.
828 2593 927 2631 308.
968 2597 1182 2645 quaesturae
1213 2588 1412 2630 honorem
1445 2588 1649 2631 mandavit

99 2660 298 2737 populus.
349 2658 465 2705 Bene
486 2662 666 2719 quidem.
728 2663 813 2705 Sed
831 2671 924 2704 ante
942 2662 1051 2704 hunc
1073 2678 1224 2705 annum
1245 2671 1466 2720 quaestores
1487 2677 1647 2706 inemo-

99 2726 433 2799 garepotuerunt
459 2735 602 2779 Livius
630 2751 678 2779 ac
709 2736 947 2794 Dionysius.
1009 2735 1111 2780 Non
1145 2746 1208 2779 est
1240 2737 1338 2793 ergo
1372 2752 1446 2779 cur
1477 2735 1647 2795 Lipsius

101 2799 194 2871 iiio*
218 2806 291 2855 63.
335 2797 491 2856 annum]
525 2816 596 2854 23.
641 2812 845 2854 emendet.
908 2810 975 2855 Cl.
1013 2811 1280 2864 Heineccius,
1328 2811 1479 2869 Antiq.
1520 2809 1644 2855 Rom}

102 2883 347 2943 Jarisprud.
366 2884 464 2942 Vol.
487 2899 518 2929 1.
550 2901 592 2944 p.
613 2886 711 2930 246.
743 2887 794 2929 de
814 2895 1064 2944 quaestorum
1085 2885 1240 2943 origine
1259 2885 1409 2929 Tacito
1429 2884 1644 2950 consentit&
