1864 3216
256 132 340 181 ⁵76
434 158 437 161 -
666 128 830 168 NOTAE
859 130 927 168 ΕΤ
954 129 1036 168 EM
1042 129 1250 172 ENDATI
1254 129 1398 170 ONES

321 231 525 276 Cruciatu
544 238 620 274 aut
631 230 818 287 praemio.
880 230 946 273 Ita
967 230 1103 273 MSS.
1127 230 1248 273 Harl.
1271 231 1398 275 Bodl.
1413 232 1503 276 Jes.
1533 242 1574 277 et
1600 233 1807 281 Puteola

256 321 347 350 nus.
408 305 459 347 In
481 305 618 348 MSS.
641 305 748 360 Reg.
771 305 900 348 Corb.
933 315 975 347 et
1008 305 1184 347 editione
1204 305 1406 362 principe,
1436 308 1651 352 cruciami-
1712 310 1796 353 Sed

258 381 491 437 Scriptores
510 377 649 421 Latini
666 379 783 436 aeque
814 379 967 431 dixere,
1003 379 1104 421 luxu
1134 379 1198 421 vel
1231 379 1361 433 luxui,
1391 368 1578 426 crucidm
1605 382 1672 427 vel
1705 399 1798 428 cru·

256 456 401 498 ciatui.

317 528 447 571 Miles
463 528 613 585 ροίιῗπὶε.
673 527 738 571 Ita
768 528 908 571 MSS.
944 527 1056 570 Flor.
1093 527 1216 571 Harl.
1252 528 1496 573 Bod1.Jes.
1533 529 1734 575 Emestus
1753 540 1799 576 et

255 603 514 647 recentiores.
576 602 646 644 Sic
666 617 830 659 quoque
852 601 953 643 MS.
973 601 1118 644 Guelf.
1176 602 1324 645 Altera
1343 605 1500 647 tannim
1517 618 1643 647 manu
1658 620 1799 649 emen·
1848 637 1852 640 -

255 679 412 729 datum,
442 677 539 718 dum
560 675 672 718 miles
688 675 853 732 potius3
885 677 996 732 quod
1031 676 1179 731 legitur
1212 676 1255 718 in
1286 667 1389 719 MS.
1422 677 1529 734 Reg.
1548 686 1592 721 et
1620 677 1798 725 editione

255 751 455 808 principe.
515 750 565 792 In
586 750 721 793 MSS.
745 749 867 792 Harl.
890 750 1018 792 Corb.
1029 749 1147 806 plebs
1167 766 1244 805 pro
1259 750 1408 807 plebes.

316 826 516 868 Immotus
537 825 612 866 his.
672 824 737 866 Ita
775 824 911 866 MSS.
945 823 1068 866 Harl.
1103 824 1192 867 Jes.
1216 824 1345 867 Corb.
1380 825 1504 869 editio
1522 825 1799 908 prhcwt

257 900 518 943 recentiores.
581 899 686 940 MS.
709 898 834 941 Bodl.
855 907 895 941 et
915 897 1183 950 Puteolanus,
1213 898 1279 940 iis.
1826 903 1828 905 ’

315 973 552 1016 Firmabat.
613 972 732 1016 Male
755 972 857 1016 MS.
880 972 1026 1015 Guelf.
1047 980 1089 1014 et
1110 973 1346 1025 Rhenanus,
1361 972 1562 1030 firmat.

318 1047 548 1105 Tamquam
583 1046 743 1097 favore.
803 1046 921 1088 Bene
958 1046 1192 1089 Rhenanus.
1219 1047 1222 1050 ⁴
1252 1045 1302 1088 In
1338 1047 1476 1091 MSS.
1512 1053 1556 1091 et
1591 1050 1838 1095 veteribus.

257 1121 514 1173 editionibus,
535 1135 798 1178 quamquam.
830 1119 879 1161 In
900 1119 1154 1163 Msfcorb.
1167 1135 1339 1178 pavore,
1359 1119 1503 1177 postea
1521 1110 1802 1179 emendatum,-
1835 1148 1838 1150 v

242 1195 414 1254 favore.
476 1195 632 1237 Contra
655 1187 757 1236 MS.
780 1194 900 1236 Harl.
905 1193 1079 1252 favore,
1110 1194 1151 1236 in
1170 1194 1352 1250 margine
1364 1198 1536 1252 pavore.
1596 1211 1613 1235 ·,

320 1268 682 1327 Corporisformd.
743 1268 848 1310 MS.
871 1268 1000 1310 Corb.
1018 1267 1162 1326 fam&
1407 1256 1410 1265 .

316 1344 452 1386 Arria
472 1343 619 1385 Galla.
678 1342 743 1385 Ita
764 1341 993 1385 Beroaldus
1015 1351 1056 1384 et
1076 1342 1336 1385 recentiores.
1395 1342 1444 1385 In
1471 1342 1609 1402 MSS.
1628 1353 1671 1388 et
1688 1353 1798 1388 vete-

258 1417 370 1460 ribus
388 1416 649 1468 editionibus,
671 1416 803 1458 Αἰνέα
827 1405 974 1458 Galla.
1017 1416 1139 1458 Atria·
1158 1417 1321 1474 quidem
1341 1427 1616 1462 memorantur
1634 1418 1675 1462 in
1693 1420 1797 1463 anti-

257 1489 348 1548 quis
370 1490 725 1546 Inscriptionibus.
757 1544 766 1549 ,
784 1491 845 1532 At
865 1492 920 1532 ob
942 1489 1166 1532 claritatem
1187 1490 1421 1534 nominis‘et
1451 1491 1617 1536 Pisonis
1647 1494 1796 1538 nobili-

256 1574 382 1609 tatem
404 1573 516 1608 certa
536 1565 692 1607 videtur
714 1563 960 1606 Beroaldina
980 1565 1222 1607 emendatio.

318 1639 530 1682 Domitius
551 1638 692 1681 satius.
753 1638 818 1681 lta
839 1637 976 1680 Mss.
999 1638 1119 1680 Harl.
1148 1638 1273 1681 Bodl.
1302 1639 1391 1682 Jes.
1451 1615 1662 1684 Mendes&
1691 1641 1801 1687 MS.-

255 1715 370 1759 Flor.
393 1715 534 1767 Silus,·
564 1714 697 1756 editio·
710 1715 916 1770 princeps,
949 1713 1105 1764 Sillus,·
1139 1714 1402 1767 Puteolanus,
1414 1714 1555 1771 filius.

315 1862 436 1905 CAP.
453 1863 524 1905 60.
558 1861 870 1919 Conjuratzonz‘s
887 1862 1165 1919 manifestum.
1197 1862 1326 1905 Man
1313 1861 1474 1920 festum
1489 1861 1642 1905 abesta
1657 1862 1794 1906 MSS
1829 1869 1831 1875 ⁴

256 1935 370 1981 Flor.
392 1946 433 1978 et
453 1936 542 1983 Jes.
601 1935 815 1978 Immerito
850 1936 1087 1979 Gronovius
1118 1936 1313 1979 omissum
1337 1935 1471 1989 vellet,
1500 1935 1796 2013 refragantibus

256 2010 403 2053 ceteris
421 1997 534 2051 libris
555 2009 714 2065 scriptis
733 2018 774 2051 et
793 2009 924 2052 editis.
1650 2036 1652 2038 -

280 2083 572 2126 Utivz'seret.
632 2083 697 2125 Ita
717 2083 854 2126 MSS.
877 2083 989 2126 Flor.
1011 2084 1135 2127 Bodl.
1155 2084 1243 2128 Jes.
1265 2083 1410 2127 Guelf.
1452 2071 1667 2126 Editio'nes
1686 2091 1798 2126 vete·
1839 2118 1847 2120 -

256 2174 319 2201 res
340 2166 382 2200 et
401 2158 660 2210 recentiores.
721 2157 962 2210 Beroaldus,
991 2165 1050 2200 ut.

317 2232 506 2276 Granius
539 2231 748 2274 Silvanus.
808 2230 946 2274 MSS.
983 2230 1106 2274 Harl.
1147 2231 1270 2274 Bodl.
1307 2231 1396 2276 Jes.
1433 2192 1632 2277 Gravius.
1687 2229 1795 2273 MS.

258 2306 392 2349 Corb.
415 2306 616 2349 sillanus.
676 2304 794 2347 Idem
816 2305 922 2348 MS.
943 2306 1072 2348 Corb.
1094 2317 1185 2361 cap.
1208 2312 1277 2353 71.
1310 2304 1446 2348 Gaius
1467 2304 1650 2348 Silanus.
1693 2309 1696 2313 '

316 2379 566 2423 Subur-bano
583 2394 692 2422 rure.
752 2379 1034 2432 Nomentano,
1065 2388 1112 2421 ut
1145 2379 1227 2423 dixi
1254 2380 1295 2421 in
1327 2379 1451 2432 notis,
1480 2386 1522 2421 et
1555 2385 1602 2422 ut
1627 2378 1799 2424 testatur

205 2455 218 2458 ”
257 2462 401 2496 auctor
421 2453 491 2510 qui
510 2454 824 2496 vitamSenecae
846 2452 1021 2509 scripsit.
1051 2453 1179 2496 Aliud
1201 2453 1278 2497 fuit
1298 2453 1607 2498 Nomentanum
1633 2451 1798 2496 decimo

257 2530 311 2570 ab
341 2527 468 2570 Urbis
497 2527 648 2583 lapide,
678 2527 751 2569 ubi
771 2527 1029 2583 percelebres
1051 2529 1217 2571 Senecae
1237 2521 1350 2581 vites,
1380 2529 1432 2570 de
1451 2527 1601 2585 quibus
1621 2526 1799 2580 Plinius,

259 2614 363 2644 xlv.
383 2608 425 2644 4.
487 2601 651 2644 Locum
671 2601 792 2654 hunc,
823 2601 920 2645 licet
949 2602 1074 2658 paulo
1097 2601 1260 2658 longior
1281 2602 1347 2654 sit,
1378 2600 1527 2659 quod
1516 2617 1557 2644 in
1585 2616 1637 2644 eo
1660 2598 1798 2649 multa

258 2674 338 2717 sint
355 2674 636 2717 librariorum
626 2675 836 2732 ipsiusque
860 2675 1066 2718 Harduini
1085 2686 1227 2728 errata,
1257 2677 1454 2719 reseram.
1485 2690 1640 2718 errores
1658 2689 1798 2717 emen-t

261 2748 441 2801 daturus,
471 2748 593 2791 simul
625 2764 722 2792 usus
755 2765 974 2808 moresque
1006 2751 1154 2794 horum
1184 2759 1420 2807 temporum
1451 2765 1502 2795 ac
1527 2764 1599 2793 res
1629 2732 1810 2823 Senecae'
