1858 3224
772 210 817 247 e.
846 209 1111 248 comum
1139 210 1322 250 TAcm
1513 215 1695 257 A.u.0.
1713 200 1805 263 sor.

269 216 343 251 102

263 321 301 343 ‘⁶
324 313 532 362 tabidum
566 310 825 378 delegisset,
865 327 925 360 ne
964 312 1176 361 admotus
1215 313 1440 379 supremis
1481 310 1721 380 clauditis,
1760 332 1807 370 et

264 395 299 419 ‘⁶
323 390 432 438 dolo
474 390 722 448 intellecto,
769 390 827 437 ad
872 406 1078 438 amorem
1123 389 1204 438 filii
1258 392 1441 441 rediret.
1510 388 1807 475 Exquisiturn

264 472 299 496 “
323 467 529 532 aliquid’'
562 467 784 531 placebat,
820 471 853 494 “
877 468 1004 532 quod
1039 469 1243 516 turbaret
1273 481 1493 530 mentem,
1529 482 1575 519 et
1605 471 1804 523 mortem

263 549 298 573 “
323 544 540 592 differret.
547 546 577 565 '’
647 544 881 609 Deligitur
913 542 1078 592 artifex
1102 545 1278 604 talium,
1313 549 1538 596 vocabulo
1560 544 1784 611 LobuSta,
1789 552 1802 573 ¹

262 638 413 687 nuper
447 621 655 669 veneficii
689 621 917 680 damnata,
953 632 997 669 et
1037 622 1116 669 diu
1155 622 1273 671 inter
1307 623 1607 674 instrumenta
1639 620 1803 698 regni²

262 699 429 746 habita.
481 699 594 766 Ejus
617 698 854 746 mulieris
842 699 1025 765 ingenio
1049 711 1259 763 paratum
1281 701 1422 761 virus,
1446 704 1577 768 cujus
1596 703 1802 754 minister

262 775 290 824 ὲ
262 775 606 840 espadonibus
650 774 738 827 fuit
775 776 1007 838 Halotu8‚³
1047 775 1218 827 inferre
1260 779 1434 844 epulas,
1471 790 1517 828 et
1558 773 1803 873 explorare

260 857 434 920 gustu⁴
455 853 628 904 solitus.

329 1012 408 1059 67.
445 1011 700 1066 ADEOQUE
738 1021 902 1058 cuncta
924 1025 1038 1058 mox
1061 1022 1353 1076 pernotuere,
1376 1022 1429 1061 ut
1457 1022 1720 1086 temporum
1747 1012 1798 1062 il-

259 1086 414 1133 lorum
429 1086 671 1150 scriptores
684 1087 985 1174 prodiderint,
1012 1093 1044 1115 ‘⁶
1061 1087 1266 1137 infusum
1280 1089 1534 1139 delectabili
1547 1090 1650 1138 cibo
1671 1084 1798 1146 bole-

259 1167 294 1191 “
317 1167 502 1211 torum⁵
521 1179 773 1212 venenum:
800 1181 884 1213 nec
903 1165 998 1212 vim
1016 1166 1325 1215 medicaminis
1342 1166 1492 1214 statim
1505 1152 1797 1229 intellectam,

257 1244 293 1268 ‘⁶
316 1238 586 1288 socordiane
619 1241 818 1300 Claudii,
853 1259 911 1289 an
942 1242 1203 1290 vinolentia.
1209 1244 1240 1264 ’'
1309 1244 1457 1294 Simul
1491 1243 1640 1292 soluta
1667 1243 1797 1294 alvus

254 1318 517 1366 subvenisse
534 1318 786 1367 videbatur.
840 1320 984 1385 Igitur
1006 1321 1222 1368 exterrita
1243 1321 1516 1386 Agrippina,
1539 1331 1586 1370 et
1606 1318 1795 1387 quando

256 1393 417 1441 ultima
461 1394 755 1454 timebantur,
802 1397 953 1460 spreta
998 1398 1293 1461 praesentium
1335 1397 1522 1458 invidia,
1564 1398 1795 1464 provisam

248 1471 346 1538 jam
390 1470 473 1519 sibi
513 1472 834 1536 Xenophontis
874 1474 1039 1522 medici
1083 1475 1406 1523 conscientiam
1443 1472 1642 1538 adhibet,
1710 1476 1794 1526 Ille

255 1560 490 1613 tamquam
512 1550 637 1597 nisus
659 1551 911 1599 evomentis
933 1549 1202 1618 adjuvaret,⁶
1224 1553 1411 1618 pinnam
1433 1547 1592 1620 rapido
1614 1554 1793 1604 'veneno

253 1623 428 1672 inlitam
445 1625 653 1675 faucibus
676 1629 772 1693 ejus
791 1629 1021 1678 demisisse
1045 1630 1275 1678 creditur:
1312 1630 1436 1679 haud
1461 1626 1648 1697 ignarus
1669 1647 1794 1680 sum-

253 1718 329 1750 ma
350 1704 521 1756 scelera
542 1704 678 1772 incipi
696 1723 804 1755 cum
826 1707 1050 1772 periculo,
1083 1708 1240 1776 peragi
1262 1725 1371 1758 curn
1391 1707 1599 1774 praemio.

319 1851 397 1894 68.
435 1841 770 1898 VOCABATUR
806 1849 989 1899 interim
1023 1863 1235 1912 senatus;
1272 1862 1470 1917 votaque
1500 1848 1586 1916 pro
1615 1850 1789 1901 nicolu-

252 1922 406 1972 mitate
440 1925 662 1993 Principis
696 1929 907 1980 consules
938 1941 984 1978 et
1017 1931 1273 1981 sacerdotes
1298 1929 1641 1997 nuncupabant,
1674 1919 1793 1980 cum*

1056 2155 1171 2181 xxxi.
1183 2146 1247 2181 22.
1261 2149 1354 2182 sect.
1368 2138 1434 2180 46.
1453 2141 1564 2179 Inter
1575 2154 1631 2188 ca,
1645 2154 1723 2192 quoe
1734 2146 1787 2178 te-

307 2134 515 2175 ¹Iocusta.
547 2139 606 2175 Dc
634 2137 711 2190 qua
735 2140 863 2178 adhuc
885 2141 983 2179 infra

1052 2196 1148 2234 merc?
1166 2197 1403 2241 manduntur,
1425 2201 1462 2232 et
1489 2195 1627 2233 boletos
1654 2193 1785 2232 merito

250 2189 511 2229 Anna1.xm.
545 2195 604 2230 15.

318 2240 335 2258 ²
379 2243 635 2284 Instrumenta
680 2248 983 2298 regni.P0tic1s

249 2296 350 2346 regni
370 2298 512 2335 scelera
530 2310 567 2337 et
584 2308 771 2349 portenta,
798 2302 863 2340 uni
894 2303 984 2340 Ma-

250 2350 361 2387 chiav
363 2350 449 2397 0110,
476 2352 731 2403 improbitatis
748 2363 786 2393 et
803 2356 982 2406 nequitiae

247 2403 408 2450 doctori,
434 2407 607 2455 probata.

302 2454 318 2479 ³
340 2457 426 2495 Fuit
445 2459 624 2498 Halotus.
651 2462 779 2507 Qmm
798 2467 982 2501 memorat

247 2523 402 2561 quoquc
420 2513 622 2551 Suetonius
641 2515 680 2552 in
699 2517 839 2554 Claud.
859 2528 979 2554 κων.

247 2567 303 2601 At
333 2577 401 2614 pro
435 2578 536 2604 more
564 2580 633 2606 suo
667 2570 761 2607 alios
794 2569 980 2621 plurimos

246 2630 415 2655 rumores
433 2628 596 2668 aggerat.

298 2669 543 2721 “Explorare
560 2681 687 2724 gustu.
717 2676 873 2714 Sueton.
902 2676 978 2715 loc.

244 2725 311 2760 cit.
351 2725 384 2762 P
386 2738 427 2762 er
453 2726 636 2764 Halotum
662 2731 857 2779 spadonem
882 2742 979 2779 prcc-

239 2783 484 2826 gustatorem.
519 2781 792 2831 Imperatorum
820 2783 979 2821 PRAE-

243 2831 530 2871 GVSTA'trOl
538 2834 598 2871 Es
630 2835 667 2871 in
694 2837 883 2874 vctmibus
917 2837 978 2874 ln·

241 2896 280 2920 sc
286 2884 512 2933 riptionibus
528 2899 576 2923 sa
579 2900 626 2937 pe
644 2897 867 2927 occurrunt.

282 2935 294 2956 ⁵
310 2937 537 2978 Delectabili
551 2940 630 2979 cibo
644 2942 785 2983 boletor
788 2957 859 2982 um.
875 2943 975 2983 Plin.

1050 2250 1246 2299 posuerim,
1257 2249 1386 2301 optimi
1397 2249 1461 2286 hos
1472 2248 1614 2299 quidem
1625 2246 1710 2294 cibi,
1720 2248 1786 2287 sed

1051 2302 1220 2341 immenso
1232 2302 1391 2352 exemplo
1402 2301 1438 2339 in
1448 2301 1584 2340 crimen
1594 2301 1785 2346 adductos,

1051 2370 1187 2394 'teneno
1224 2355 1372 2394 Tiberio
1402 2355 1570 2400 Claudio,
1599 2353 1783 2405 Ptincipi,

1046 2423 1117 2460 per
1162 2410 1256 2447 lzanc
1299 2408 1522 2447 occasionem
1569 2407 1593 2445 ὰ
1625 2409 1783 2458 conjuge

1050 2461 1267 2514 Agrippiud
1311 2463 1424 2501 dato.-
1451 2474 1572 2512 ·quo
1558 2460 1682 2512 facto
1714 2460 1783 2498 illa
1815 2500 1819 2503 J

1048 2522 1107 2554 ter
1110 2531 1130 2555 ι
1131 2517 1162 2554 is
1173 2528 1346 2554 *cenenum
1360 2516 1531 2560 alterum,
1543 2514 1682 2566 sibique
1695 2519 1782 2552 aute

1047 2583 1180 2616 omnes,
1209 2567 1417 2607 Neboncm
1425 2582 1530 2607 sunm
1558 2568 1674 2606 dedit.
1711 2567 1788 2608 Juo

1049 2623 1174 2662 venal.
1194 2623 1319 2674 Satyr.
1339 2635 1379 2660 v.
1405 2619 1492 2660 146.

1051 2695 1164 2720 Vilibus
1175 2693 1322 2726 ancipites
1325 2693 1425 2727 fungi
1434 2692 1592 2726 ponentur*
1602 2692 1716 2722 amicis,

1048 2734 1168 2760 Baletus
1181 2733 1302 2759 domino
1310 2742 1321 2758 .-
1337 2732 1386 2758 sed
1405 2732 1525 2764 quatem
1538 2731 1687 2758 Claudius
1700 2730 1761 2757 edit

1045 2773 1123 2799 Ante
1131 2773 1219 2799 illum
1227 2772 1409 2805 uxori-§.pose
1417 2777 1503 2804 quem
1509 2771 1556 2796 nie
1563 2770 1696 2803 amplius
1705 2770 1777 2796 edic.

1099 2834 1116 2855 ⁶
1135 2837 1255 2876 Nisus
1274 2837 1469 2875 evomentis
1488 2837 1700 2887 adjuvaret.
1718 2835 1776 2873 En

1044 2904 1187 2929 novum
1231 2890 1429 2929 medicinae
1470 2890 1608 2928 scelus.
1677 2888 1777 2927 Vide

1045 2957 1131 2996 quae
1149 2945 1254 2983 dicta
1270 2948 1358 2983 sunt
1375 2943 1516 2983 Annal.
1533 2954 1592 2984 xv.
1610 2946 1649 2982 3.
