1858 3224
22 199 23 202 „
15 45 33 167 was-‚mx

124 175 230 231 1250.
248 171 345 217 65.''
375 169 720 210 .’-ANNAL1UM
751 167 914 209 LIBER
945 170 1195 210 DECIMUS
1225 171 1447 213 SEXTUS.
1609 177 1689 219 309

128 278 266 332 2127„
284 278 530 340 MORTEM
554 275 788 339 Poppaeae,
802 282 855 320 ut
875 270 1028 335 palam
1050 269 1245 331 tristem,
1258 272 1319 320 ita
1337 273 1686 323 recordantibus

126 356 322 415 iustam:
359 355 422 403 ob
460 351 792 418 impudicitiam
829 351 927 416 ejus
965 347 1295 414 saevitiamque,
1334 350 1458 399 nova
1497 351 1687 417 insuper

129 432 302 483 invidia
335 431 469 481 Nero
509 430 776 495 complevit,
814 426 1107 493 prohibendo
1147 428 1205 475 C.
1249 428 1461 476 Cassium
1476 432 1492 450 ²
1532 429 1684 478 officio

130 510 489 577 exsequiarum:
542 507 678 574 ‘quod
729 506 934 571 primum
985 503 1207 551 indicium
1257 505 1382 564 mali,
1438 522 1590 571 neque
1634 507 1684 556 in

130 590 328 656 long-um
352 588 544 637 dilatum
567 598 669 635 est.·
720 585 814 633 Sed
832 583 1013 632 Silanus
1028 584 1041 610 ³
1065 581 1249 630 additur
1269 599 1281 629 ε
1318 583 1449 631 nullo
1474 584 1682 645 crimine,

127 666 216 717 nisi
241 665 394 732 quod
440 664 626 714 Cassius
665 662 830 728 opibus
870 659 1077 719 vetustis,
1123 670 1168 708 et
1212 659 1431 725 gravitate
1476 678 1683 722 morum,

125 745 314 796 Silanus
346 741 616 792 claritudine
652 740 850 807 generis,
885 749 930 787 et
966 737 1177 786 modesta
1206 737 1416 803 juventa,
1447 741 1683 803 praecelle-

126 820 273 872 Banu
322 821 471 888 Igitur
495 819 635 869 missa
669 821 728 868 ad
763 829 973 867 senatum
1007 816 1213 865 oratione
1247 822 1281 844 “
1312 817 1622 866 removendos
1653 818 1682 867 ῖι

125 897 426 965 -Φέτεριὼίἰεέἰ
470 898 726 962 utrosque’'
779 894 1005 945 disseruit.
1099 894 1452 960 Objectavitque
1503 895 1681 956 Cassio,

127 977 321 1044 “quod
340 975 460 1024 inter
480 966 702 1041 imagines
724 975 972 1039 majorum,
1007 971 1144 1020 etiam
1177 973 1234 1021 C.
1271 972 1415 1022 Cassii
1428 974 1448 1001 ⁴
1479 973 1682 1039 effigiem

128 1061 165 1086 “
187 1054 419 1114 coluisset,
451 1053 513 1102 ita
550 1052 845 1117 inscriptam:
885 1066 1014 1099 Due1
1054 1065 1320 1098 PAR-mum.
1394 1050 1582 1115 Quippe
1613 1069 1682 1100 se-

129 1139 165 1164 “
187 1124 312 1182 mina
332 1124 442 1181 belli
464 1131 624 1191 civilis,
659 1142 704 1178 et
721 1127 1030 1179 defectionem
1060 1126 1088 1174 a
1113 1129 1255 1175 domo
1287 1130 1530 1177 Caesarum
1553 1146 1681 1194 quae-

127 1217 165 1241 “
186 1210 334 1260 sitam.
403 1212 477 1258 Ac
527 1226 588 1258 ne
631 1206 858 1257 memoria
903 1207 1088 1255 tantum
1131 1205 1296 1254 infensi
1340 1206 1538 1255 nominis
1554 1210 1569 1235 ⁵
1619 1208 1679 1255 ad

126 1295 164 1320 “
185 1288 435 1338 discordias
478 1298 704 1347 uteretur,
762 1285 1037 1335 adsumsisse
1081 1286 1138 1333 L.
1180 1285 1406 1344 Silanum,
1456 1286 1678 1350 juvenem

124 1373 164 1409 .“
186 1379 377 1434 genere
394 1365 619 1426 nobilem,
653 1364 809 1414 animo
845 1375 1153 1431 praeruptum,
1189 1379 1333 1429 quem
1371 1362 1503 1412 novis
1537 1365 1677 1413 rebus

129 1449 164 1475 ‘⁶
185 1445 484 1496 ostentaret-'³

122 1627 147 1639 ·-
190 1612 251 1654 8.·
273 1606 435 1654 Ipsum
472 1604 638 1654 dehinc
670 1595 878 1655 Silanum
911 1603 1139 1669 increpuit
1177 1603 1357 1663 iisdem,
1392 1601 1560 1668 quibus
1596 1618 1673 1666 pa-

122 1674 284 1733 truum
306 1685 405 1750 ejus
422 1680 758 1750 Torquatum,⁶
781 1689 1074 1749 “tamquam
1098 1682 1360 1749 disponeret
1377 1683 1474 1748 jam
1495 1679 1674 1746 imperii

935 1863 1038 1902 Vide
1058 1864 1176 1902 Stem.
1196 1863 1293 1901 Caes.
1311 1874 1349 1900 n.
1365 1859 1430 1900 65.

991 1915 1006 1938 ³
1027 1917 1192 1956 Silanus.
1222 1917 1375 1955 Lucius*
1397 1916 1550 1956 Silanus
1577 1917 1671 1954 Tor-

934 1980 1089 2022 quatus,
1099 1980 1257 2022 atnepos
1271 1972 1452 2022 Augusti,
1466 1982 1502 2010 et
1519 1973 1670 2022 sanguis

192 1859 207 1879 ¹
242 1861 542 1903 Recordantibus
573 1866 707 1904 laetam.
755 1865 864 1904 Mors

121 1913 303 1968 Poppaeae
319 1917 448 1968 palam
467 1918 595 1965 tristis,
614 1926 654 1957 at
668 1921 717 1957 ob
737 1919 864 1970 impu-

127 1970 302 2009 dicitiam
327 1979 366 2010 et
392 1973 577 2011 saevitiam
615 1974 703 2012 laeta
738 1987 863 2011 recor-

127 2023 308 2063 dantibus
324 2025 408 2077 haec
426 2034 614 2078 portenta,
643 2029 690 2065 de
719 2028 861 2078 quibus

125 2077 277 2116 dictum
300 2087 355 2118 est
380 2093 499 2132 supra
525 2082 665 2120 Annal.
686 2094 788 2120 x111.
807 2085 858 2119 45

125 2138 166 2171 et
183 2130 250 2171 46.
268 2145 342 2172 xv.
361 2131 429 2173 61.
449 2135 617 2174 Mortem
635 2136 742 2173 illam
761 2136 860 2174 novzi

124 2186 283 2234 invidia,
316 2188 423 2227 novis
454 2189 661 2228 sceleribus
693 2190 862 2241 complc-

124 2241 183 2280 vit
202 2241 321 2282 Nero.

178 2292 198 2311 ²
215 2294 258 2334 C.
272 2295 453 2336 Cassium.
466 2298 704 2341 C.Cassium
722 2299 861 2349 Longi-

123 2360 232 2401 num,
249 2349 378 2401 legum
396 2351 534 2402 periti-a
550 2359 589 2390 et
605 2353 744 2403 opibus
762 2353 860 2391 ccle-

123 2403 355 2443 ben-imum:
395 2405 443 2443 de
477 2419 556 2457 quo
584 2407 788 2446 Suetonius
820 2407 859 2445 in

123 2457 220 2496 Ner.
266 2470 447 2498 xxxvn.
491 2461 687 2511 objectum
730 2459 859 2500 Cassio

122 2509 312 2564 Longiw,
325 2513 619 2564 Jurisconsulto,
649 2529 692 2553 ac
713 2516 860 2554 lumini-

122 2566 189 2604 bus
206 2567 351 2614 orbato,
380 2566 477 2618 qubd
504 2569 543 2607 in
571 2575 698 2607 vetem
722 2569 861 2620 gentili

119 2624 314 2660 stemmate
357 2619 443 2660 Caii
477 2621 599 2661 Cassii
628 2624 860 2673 percussoris

123 2672 285 2713 Coesaris
301 2674 480 2726 imagines
499 2677 742 2716 restituisset.
788 2679 810 2717 J
816 2691 860 2716 u-

122 2727 268 2766 venalis
286 2741 455 2780 quoque,
475 2743 520 2768 x.
541 2735 604 2771 15,

123 2799 319 2834 Temporibus
327 2799 411 2827 ‘airis
421 2802 530 2834 igitur,
541 2802 692 2836 jussuque
705 2804 843 2834 Neronis.

122 2838 363 2906 Longinhgzbset
391 2848 516 2874 magnos
549 2843 662 2870 &nece
690 2844 861 2888 praedivvicis

123 2917 251 2949 eleuauit.
278 2921 308 2944 et
334 2914 468 2955 egregias
495 2921 723 2950 Lateranorum
750 2923 861 2951 obsidet

137 2975 139 2977 ·
166 2975 169 2977 -
221 2957 295 2984 ades

125 2995 198 3023 Tota
210 2997 324 3025 cohors.

936 2025 1109 2064 ultimus.
1166 2026 1267 2063 Vide
1293 2026 1409 2063 Stem.
1431 2027 1527 2065 Cars.
1548 2040 1584 2063 n.
1605 2031 1670 2071 59.

935 2080 1031 2131 Ejus
1067 2087 1234 2119 statuam
1270 2079 1309 2116 in
1347 2080 1429 2117 foro
1466 2080 1490 2118 ii
1523 2081 1670 2119 Titinio

934 2134 1122 2184 Capitone.
1140 2134 1275 2185 postea
1293 2134 1456 2184 positam
1483 2143 1670 2174 memorat

933 2188 1095 2235 Plinius,
1116 2202 1144 2236 Ι,
1166 2189 1239 2240 Ep.
1264 2193 1325 2231 17.
1348 2188 1533 2227 Redditus
1547 2195 1604 2228 est
1620 2189 1668 2228 L.

931 2242 1062 2281 Silano
1081 2243 1227 2282 debitus
1245 2243 1375 2289 honor,
1393 2245 1500 2293 cujus
1524 2245 1671 2283 immor-

931 2297 1079 2335 talitati
1098 2296 1232 2347 Capito
1248 2297 1441 2347 prospeoeit
1455 2299 1607 2348 pariter
1631 2305 1667 2335 et

928 2363 1003 2388 suoe
1016 2366 1028 2388 :
1059 2364 1174 2402 neque
1192 2351 1286 2388 enim
1300 2351 1420 2402 magis
1438 2352 1608 2391 decorum
1631 2358 1667 2389 ct

930 2404 1075 2456 insigne
1094 2411 1165 2452 est,
1192 2410 1356 2443 statuam
1380 2405 1523 2458 infero
1538 2407 1668 2458 populi

930 2458 1090 2497 Romani
1107 2460 1260 2512 habere,=
1282 2459 1390 2509 qutim
1405 2473 1557 2510 ponere.

983 2511 1002 2533 ⁴*
1017 2513 1058 2552 C.
1067 2513 1201 2552 Cassii.
1214 2513 1295 2560 Qui
1310 2513 1332 2552 J
1339 2513 1463 2552 ulium
1477 2515 1663 2553 Caesarem

930 2566 1182 2605 interfecerat.

985 2619 997 2641 ⁵
1019 2622 1169 2674 Ιηῇπεὶ
1187 2622 1357 2661 nominis.
1374 2624 1434 2660 Ac
1449 2636 1495 2661 ne
1514 2622 1664 2661 tantum

929 2674 1073 2713 infenso
1099 2677 1145 2714 C.
1175 2677 1294 2715 Cassii
1325 2677 1478 2714 nomine
1511 2678 1559 2714 ad
1593 2678 1668 2714 dis·

929 2730 1080 2768 cordias
1098 2738 1281 2779 uteretur,
1301 2731 1528 2770 adsumsisse
1547 2732 1592 2769 L.
1609 2732 1667 2770 Si-

929 2783 1074 2822 lanum.

982 2834 998 2854 ⁶
1032 2838 1276 2890 Torquatum.
1309 2839 1371 2877 De
1402 2852 1481 2891 quo
1515 2840 1663 2879 dictum

927 2899 981 2931 cst
999 2906 1115 2944 supra
1135 2894 1276 2933 Annal.
1301 2907 1373 2932 xv.
1393 2898 1460 2933 35.
