<?xml version="1.0" encoding="UTF-8"?>
<!DOCTYPE html PUBLIC "-//W3C//DTD XHTML 1.0 Transitional//EN"
    "http://www.w3.org/TR/xhtml1/DTD/xhtml1-transitional.dtd">
<html xmlns="http://www.w3.org/1999/xhtml" xml:lang="en" lang="en">
 <head>
  <title>
</title>
<meta http-equiv="Content-Type" content="text/html;charset=utf-8" />
  <meta name='ocr-system' content='tesseract 3.04.00' />
  <meta name='ocr-capabilities' content='ocr_page ocr_carea ocr_par ocr_line ocrx_word'/>
</head>
<body>
  <div class='ocr_page' id='page_1' title='image "./operarecognovite02taciuoft_0319.png"; bbox 0 0 1858 3224; ppageno 0'>
   <div class='ocr_carea' id='block_1_1' title="bbox 20 141 1661 195">
    <p class='ocr_par' dir='ltr' id='par_1_1' title="bbox 20 141 1661 195">
     <span class='ocr_line' id='line_1_1' title="bbox 20 141 1661 195; baseline -0.004 -1"><span class='ocrx_word' id='word_1_1' title='bbox 20 144 22 146; x_wconf 80' lang='grc'><strong>’</strong></span> <span class='ocrx_word' id='word_1_2' title='bbox 105 147 299 195; x_wconf 59' lang='grc' dir='ltr'><strong>,ποιοί</strong></span> <span class='ocrx_word' id='word_1_3' title='bbox 383 143 693 188; x_wconf 76' lang='lat' dir='ltr'><strong>ANNALmM</strong></span> <span class='ocrx_word' id='word_1_4' title='bbox 723 142 888 182; x_wconf 74' lang='lat' dir='ltr'>LIBER</span> <span class='ocrx_word' id='word_1_5' title='bbox 917 141 1170 182; x_wconf 75' lang='lat' dir='ltr'>DECIMUS</span> <span class='ocrx_word' id='word_1_6' title='bbox 1201 144 1423 185; x_wconf 75' lang='lat' dir='ltr'><strong>SEXTUS.</strong></span> <span class='ocrx_word' id='word_1_7' title='bbox 1580 147 1661 187; x_wconf 79' lang='lat'><strong>³11</strong></span> 
     </span>
    </p>
   </div>
   <div class='ocr_carea' id='block_1_2' title="bbox 106 246 1660 470">
    <p class='ocr_par' dir='ltr' id='par_1_2' title="bbox 106 246 1660 470">
     <span class='ocr_line' id='line_1_2' title="bbox 106 246 1659 319; baseline 0.001 -20"><span class='ocrx_word' id='word_1_8' title='bbox 106 253 342 307; x_wconf 65' lang='lat' dir='ltr'><strong>militibus</strong></span> <span class='ocrx_word' id='word_1_9' title='bbox 352 252 506 319; x_wconf 62' lang='lat' dir='ltr'><strong>jubet.</strong></span> <span class='ocrx_word' id='word_1_10' title='bbox 568 249 672 299; x_wconf 82' lang='lat' dir='ltr'><strong>Nec</strong></span> <span class='ocrx_word' id='word_1_11' title='bbox 717 246 870 306; x_wconf 80' lang='lat' dir='ltr'><strong>omisit</strong></span> <span class='ocrx_word' id='word_1_12' title='bbox 914 246 1098 302; x_wconf 80' lang='lat' dir='ltr'>Silanus</span> <span class='ocrx_word' id='word_1_13' title='bbox 1129 247 1291 308; x_wconf 89' lang='lat' dir='ltr'><strong>obniti,</strong></span> <span class='ocrx_word' id='word_1_14' title='bbox 1331 259 1378 298; x_wconf 87' lang='lat' dir='ltr'><strong>et</strong></span> <span class='ocrx_word' id='word_1_15' title='bbox 1419 248 1659 301; x_wconf 85' lang='lat' dir='ltr'><strong>intendere</strong></span> 
     </span>
     <span class='ocr_line' id='line_1_3' title="bbox 106 323 1660 398; baseline 0.003 -23"><span class='ocrx_word' id='word_1_16' title='bbox 106 335 247 393; x_wconf 51' lang='lat' dir='ltr'><strong>intusg</strong></span> <span class='ocrx_word' id='word_1_17' title='bbox 260 341 495 398; x_wconf 72' lang='lat' dir='ltr'><strong>‚quantum</strong></span> <span class='ocrx_word' id='word_1_18' title='bbox 516 326 731 376; x_wconf 87' lang='lat' dir='ltr'><strong>manibus</strong></span> <span class='ocrx_word' id='word_1_19' title='bbox 752 325 895 374; x_wconf 63' lang='lat' dir='ltr'><strong>nudie</strong></span> <span class='ocrx_word' id='word_1_20' title='bbox 911 323 1109 384; x_wconf 77' lang='lat' dir='ltr'><strong>valebat,</strong></span> <span class='ocrx_word' id='word_1_21' title='bbox 1144 326 1292 375; x_wconf 86' lang='lat' dir='ltr'><strong>donec</strong></span> <span class='ocrx_word' id='word_1_22' title='bbox 1328 326 1356 374; x_wconf 67' lang='lat' dir='ltr'><strong>a</strong></span> <span class='ocrx_word' id='word_1_23' title='bbox 1390 329 1660 380; x_wconf 85' lang='lat' dir='ltr'><strong>centurione</strong></span> 
     </span>
     <span class='ocr_line' id='line_1_4' title="bbox 106 402 1382 470; baseline -0.006 -10"><span class='ocrx_word' id='word_1_24' title='bbox 106 409 377 467; x_wconf 71' lang='lat' dir='ltr'><strong>vulneribus</strong></span> <span class='ocrx_word' id='word_1_25' title='bbox 397 405 626 464; x_wconf 77' lang='lat' dir='ltr'><strong>adversis,</strong></span> <span class='ocrx_word' id='word_1_26' title='bbox 650 415 889 469; x_wconf 70' lang='lat' dir='ltr'><strong>tamquam</strong></span> <span class='ocrx_word' id='word_1_27' title='bbox 904 403 954 452; x_wconf 91' lang='lat' dir='ltr'><strong>in</strong></span> <span class='ocrx_word' id='word_1_28' title='bbox 970 402 1150 470; x_wconf 67' lang='lat' dir='ltr'><strong>pugna,</strong></span> <span class='ocrx_word' id='word_1_29' title='bbox 1184 404 1382 452; x_wconf 89' lang='lat' dir='ltr'><strong>caderet.</strong></span> 
     </span>
    </p>
   </div>
   <div class='ocr_carea' id='block_1_3' title="bbox 107 559 1671 2197">
    <p class='ocr_par' dir='ltr' id='par_1_3' title="bbox 107 559 1671 2197">
     <span class='ocr_line' id='line_1_5' title="bbox 126 559 1663 628; baseline -0.002 -13"><span class='ocrx_word' id='word_1_30' title='bbox 126 608 132 615; x_wconf 88' lang='lat'><strong>.</strong></span> <span class='ocrx_word' id='word_1_31' title='bbox 179 573 267 628; x_wconf 70' lang='lat'><strong>19..</strong></span> <span class='ocrx_word' id='word_1_32' title='bbox 305 565 474 617; x_wconf 64' lang='lat' dir='ltr'><strong>Hmm</strong></span> <span class='ocrx_word' id='word_1_33' title='bbox 519 561 678 612; x_wconf 68' lang='lat' dir='ltr'><strong>mmsis</strong></span> <span class='ocrx_word' id='word_1_34' title='bbox 722 561 907 628; x_wconf 59' lang='lat' dir='ltr'><strong>promti:</strong></span> <span class='ocrx_word' id='word_1_35' title='bbox 952 559 1009 609; x_wconf 89' lang='lat' dir='ltr'><strong>L.</strong></span> <span class='ocrx_word' id='word_1_36' title='bbox 1050 561 1215 619; x_wconf 86' lang='lat' dir='ltr'><strong>Vetus,</strong></span> <span class='ocrx_word' id='word_1_37' title='bbox 1266 577 1519 626; x_wconf 82' lang='lat' dir='ltr'><strong>socrusque</strong></span> <span class='ocrx_word' id='word_1_38' title='bbox 1563 564 1663 628; x_wconf 86' lang='lat' dir='ltr'><strong>ejus</strong></span> 
     </span>
     <span class='ocr_line' id='line_1_6' title="bbox 108 636 1663 704; baseline -0.005 -9"><span class='ocrx_word' id='word_1_39' title='bbox 108 643 286 704; x_wconf 72' lang='lat' dir='ltr'><strong>Sextia,</strong></span> <span class='ocrx_word' id='word_1_40' title='bbox 335 653 382 692; x_wconf 86' lang='lat' dir='ltr'><strong>et</strong></span> <span class='ocrx_word' id='word_1_41' title='bbox 415 639 619 690; x_wconf 80' lang='lat' dir='ltr'><strong>Pollutia</strong></span> <span class='ocrx_word' id='word_1_42' title='bbox 654 640 767 699; x_wconf 81' lang='lat' dir='ltr'><strong>filia,</strong></span> <span class='ocrx_word' id='word_1_43' title='bbox 813 640 978 688; x_wconf 78' lang='lat' dir='ltr'><strong>necem</strong></span> <span class='ocrx_word' id='word_1_44' title='bbox 1011 638 1222 686; x_wconf 62' lang='lat' dir='ltr'><strong>subiere}</strong></span> <span class='ocrx_word' id='word_1_45' title='bbox 1274 636 1405 686; x_wconf 90' lang='lat' dir='ltr'><strong>invisi</strong></span> <span class='ocrx_word' id='word_1_46' title='bbox 1443 639 1663 704; x_wconf 85' lang='lat' dir='ltr'><strong>Principi,</strong></span> 
     </span>
     <span class='ocr_line' id='line_1_7' title="bbox 107 706 1663 787; baseline -0.003 -15"><span class='ocrx_word' id='word_1_47' title='bbox 107 706 347 787; x_wconf 60' lang='lat' dir='ltr'><strong>tamtiuam</strong></span> <span class='ocrx_word' id='word_1_48' title='bbox 366 719 566 769; x_wconf 65' lang='lat' dir='ltr'><strong>vivendo</strong></span> <span class='ocrx_word' id='word_1_49' title='bbox 588 719 925 783; x_wconf 86' lang='lat' dir='ltr'><strong>exprobrarent</strong></span> <span class='ocrx_word' id='word_1_50' title='bbox 945 713 1241 764; x_wconf 85' lang='lat' dir='ltr'><strong>interfectum</strong></span> <span class='ocrx_word' id='word_1_51' title='bbox 1265 732 1362 764; x_wconf 89' lang='lat' dir='ltr'><strong>esse</strong></span> <span class='ocrx_word' id='word_1_52' title='bbox 1387 717 1663 767; x_wconf 87' lang='lat' dir='ltr'><strong>Rubellium</strong></span> 
     </span>
     <span class='ocr_line' id='line_1_8' title="bbox 109 787 1662 863; baseline -0.004 -14"><span class='ocrx_word' id='word_1_53' title='bbox 109 799 365 858; x_wconf 69' lang='lat' dir='ltr'><strong>Plautum:</strong></span> <span class='ocrx_word' id='word_1_54' title='bbox 400 812 629 863; x_wconf 84' lang='lat' dir='ltr'><strong>generum</strong></span> <span class='ocrx_word' id='word_1_55' title='bbox 649 794 784 843; x_wconf 92' lang='lat' dir='ltr'><strong>Lucii</strong></span> <span class='ocrx_word' id='word_1_56' title='bbox 801 793 995 852; x_wconf 77' lang='lat' dir='ltr'><strong>Veteris.</strong></span> <span class='ocrx_word' id='word_1_57' title='bbox 1067 794 1161 843; x_wconf 90' lang='lat' dir='ltr'><strong>Sed</strong></span> <span class='ocrx_word' id='word_1_58' title='bbox 1183 793 1363 847; x_wconf 88' lang='lat' dir='ltr'><strong>initium</strong></span> <span class='ocrx_word' id='word_1_59' title='bbox 1387 787 1662 860; x_wconf 80' lang='lat' dir='ltr'><strong>detegendae</strong></span> 
     </span>
     <span class='ocr_line' id='line_1_9' title="bbox 107 871 1663 943; baseline -0.004 -15"><span class='ocrx_word' id='word_1_60' title='bbox 107 876 294 943; x_wconf 61' lang='lat' dir='ltr'><strong>oevitioe</strong></span> <span class='ocrx_word' id='word_1_61' title='bbox 307 880 325 900; x_wconf 83' lang='lat'><em>²</em></span> <span class='ocrx_word' id='word_1_62' title='bbox 345 875 563 941; x_wconf 82' lang='lat' dir='ltr'><strong>praebuit,</strong></span> <span class='ocrx_word' id='word_1_63' title='bbox 596 872 857 922; x_wconf 83' lang='lat' dir='ltr'><strong>interversis</strong></span> <span class='ocrx_word' id='word_1_64' title='bbox 873 871 1054 937; x_wconf 88' lang='lat' dir='ltr'><strong>patroni</strong></span> <span class='ocrx_word' id='word_1_65' title='bbox 1075 874 1233 930; x_wconf 87' lang='lat' dir='ltr'><strong>rebus,</strong></span> <span class='ocrx_word' id='word_1_66' title='bbox 1267 873 1326 919; x_wconf 88' lang='lat' dir='ltr'><strong>ad</strong></span> <span class='ocrx_word' id='word_1_67' title='bbox 1349 873 1663 921; x_wconf 84' lang='lat' dir='ltr'><strong>accusandum</strong></span> 
     </span>
     <span class='ocr_line' id='line_1_10' title="bbox 110 950 1665 1023; baseline -0.004 -19"><span class='ocrx_word' id='word_1_68' title='bbox 110 954 452 1023; x_wconf 67' lang='lat' dir='ltr'><strong>transgrediens</strong></span> <span class='ocrx_word' id='word_1_69' title='bbox 489 955 770 1006; x_wconf 84' lang='lat' dir='ltr'><strong>Fortunatus</strong></span> <span class='ocrx_word' id='word_1_70' title='bbox 809 952 1017 1011; x_wconf 83' lang='lat' dir='ltr'><strong>libertus,</strong></span> <span class='ocrx_word' id='word_1_71' title='bbox 1057 950 1230 999; x_wconf 87' lang='lat' dir='ltr'><strong>adscito</strong></span> <span class='ocrx_word' id='word_1_72' title='bbox 1270 951 1468 1000; x_wconf 88' lang='lat' dir='ltr'><strong>Claudio</strong></span> <span class='ocrx_word' id='word_1_73' title='bbox 1502 951 1665 999; x_wconf 89' lang='lat' dir='ltr'><strong>Demi-</strong></span> 
     </span>
     <span class='ocr_line' id='line_1_11' title="bbox 110 1028 1666 1099; baseline -0.004 -16"><span class='ocrx_word' id='word_1_74' title='bbox 110 1051 227 1095; x_wconf 74' lang='lat' dir='ltr'><strong>ann,</strong></span> <span class='ocrx_word' id='word_1_75' title='bbox 253 1048 396 1099; x_wconf 87' lang='lat' dir='ltr'><strong>quem</strong></span> <span class='ocrx_word' id='word_1_76' title='bbox 412 1033 475 1080; x_wconf 87' lang='lat' dir='ltr'><strong>ob</strong></span> <span class='ocrx_word' id='word_1_77' title='bbox 497 1031 667 1098; x_wconf 83' lang='lat' dir='ltr'><strong>flagitia</strong></span> <span class='ocrx_word' id='word_1_78' title='bbox 690 1030 900 1079; x_wconf 86' lang='lat' dir='ltr'><strong>vinctum</strong></span> <span class='ocrx_word' id='word_1_79' title='bbox 935 1030 963 1078; x_wconf 70' lang='lat' dir='ltr'><strong>a</strong></span> <span class='ocrx_word' id='word_1_80' title='bbox 997 1032 1184 1089; x_wconf 89' lang='lat' dir='ltr'><strong>Vetere,</strong></span> <span class='ocrx_word' id='word_1_81' title='bbox 1219 1028 1345 1078; x_wconf 84' lang='lat' dir='ltr'><strong>Asiae</strong></span> <span class='ocrx_word' id='word_1_82' title='bbox 1368 1029 1666 1094; x_wconf 88' lang='lat' dir='ltr'><strong>proconsule,</strong></span> 
     </span>
     <span class='ocr_line' id='line_1_12' title="bbox 113 1107 1669 1175; baseline -0.005 -12"><span class='ocrx_word' id='word_1_83' title='bbox 113 1112 312 1163; x_wconf 66' lang='lat' dir='ltr'><strong>exsoluit</strong></span> <span class='ocrx_word' id='word_1_84' title='bbox 337 1112 470 1160; x_wconf 81' lang='lat' dir='ltr'><strong>Nero</strong></span> <span class='ocrx_word' id='word_1_85' title='bbox 499 1110 549 1158; x_wconf 88' lang='lat' dir='ltr'><strong>in</strong></span> <span class='ocrx_word' id='word_1_86' title='bbox 577 1109 825 1175; x_wconf 79' lang='lat' dir='ltr'><strong>praemium</strong></span> <span class='ocrx_word' id='word_1_87' title='bbox 855 1108 1167 1157; x_wconf 82' lang='lat' dir='ltr'><strong>accusationis.</strong></span> <span class='ocrx_word' id='word_1_88' title='bbox 1240 1110 1385 1172; x_wconf 74' lang='lat' dir='ltr'><strong>Quod</strong></span> <span class='ocrx_word' id='word_1_89' title='bbox 1407 1108 1487 1156; x_wconf 92' lang='lat' dir='ltr'><strong>ubi</strong></span> <span class='ocrx_word' id='word_1_90' title='bbox 1509 1107 1669 1173; x_wconf 88' lang='lat' dir='ltr'><strong>cogni-</strong></span> 
     </span>
     <span class='ocr_line' id='line_1_13' title="bbox 111 1185 1668 1255; baseline -0.005 -14"><span class='ocrx_word' id='word_1_91' title='bbox 111 1203 338 1251; x_wconf 53' lang='lat' dir='ltr'><strong>tum-roffi</strong></span> <span class='ocrx_word' id='word_1_92' title='bbox 352 1206 513 1255; x_wconf 80' lang='lat' dir='ltr'><strong>seque,</strong></span> <span class='ocrx_word' id='word_1_93' title='bbox 537 1199 583 1239; x_wconf 88' lang='lat' dir='ltr'><strong>et</strong></span> <span class='ocrx_word' id='word_1_94' title='bbox 604 1188 841 1247; x_wconf 88' lang='lat' dir='ltr'><strong>libertum,</strong></span> <span class='ocrx_word' id='word_1_95' title='bbox 875 1186 972 1252; x_wconf 85' lang='lat' dir='ltr'><strong>pari</strong></span> <span class='ocrx_word' id='word_1_96' title='bbox 990 1197 1114 1235; x_wconf 84' lang='lat' dir='ltr'><strong>sorte</strong></span> <span class='ocrx_word' id='word_1_97' title='bbox 1136 1185 1372 1251; x_wconf 85' lang='lat' dir='ltr'><strong>componi,</strong></span> <span class='ocrx_word' id='word_1_98' title='bbox 1394 1185 1668 1234; x_wconf 89' lang='lat' dir='ltr'><strong>Formianos</strong></span> 
     </span>
     <span class='ocr_line' id='line_1_14' title="bbox 109 1262 1668 1336; baseline -0.005 -16"><span class='ocrx_word' id='word_1_99' title='bbox 109 1269 169 1320; x_wconf 55' lang='lat' dir='ltr'><strong>in.¹</strong></span> <span class='ocrx_word' id='word_1_100' title='bbox 191 1270 348 1336; x_wconf 59' lang='lat' dir='ltr'><strong>agno&amp;</strong></span> <span class='ocrx_word' id='word_1_101' title='bbox 383 1265 656 1334; x_wconf 84' lang='lat' dir='ltr'><strong>digreditur.</strong></span> <span class='ocrx_word' id='word_1_102' title='bbox 725 1265 824 1314; x_wconf 87' lang='lat' dir='ltr'><strong>Illic</strong></span> <span class='ocrx_word' id='word_1_103' title='bbox 865 1281 974 1330; x_wconf 85' lang='lat' dir='ltr'><strong>eum</strong></span> <span class='ocrx_word' id='word_1_104' title='bbox 1014 1264 1180 1312; x_wconf 88' lang='lat' dir='ltr'><strong>milites</strong></span> <span class='ocrx_word' id='word_1_105' title='bbox 1228 1263 1412 1312; x_wconf 67' lang='lat' dir='ltr'><strong>occulta</strong></span> <span class='ocrx_word' id='word_1_106' title='bbox 1457 1262 1668 1312; x_wconf 62' lang='lat' dir='ltr'><strong>custodia</strong></span> 
     </span>
     <span class='ocr_line' id='line_1_15' title="bbox 108 1342 1668 1410; baseline -0.004 -12"><span class='ocrx_word' id='word_1_107' title='bbox 108 1348 421 1410; x_wconf 71' lang='lat' dir='ltr'><strong>eircumdant.</strong></span> <span class='ocrx_word' id='word_1_108' title='bbox 483 1345 666 1394; x_wconf 81' lang='lat' dir='ltr'><strong>Aderat</strong></span> <span class='ocrx_word' id='word_1_109' title='bbox 686 1344 798 1403; x_wconf 85' lang='lat' dir='ltr'><strong>filia,</strong></span> <span class='ocrx_word' id='word_1_110' title='bbox 821 1360 962 1408; x_wconf 90' lang='lat' dir='ltr'><strong>super</strong></span> <span class='ocrx_word' id='word_1_111' title='bbox 982 1342 1205 1408; x_wconf 87' lang='lat' dir='ltr'><strong>ingruens</strong></span> <span class='ocrx_word' id='word_1_112' title='bbox 1221 1342 1498 1407; x_wconf 88' lang='lat' dir='ltr'><strong>periculum,</strong></span> <span class='ocrx_word' id='word_1_113' title='bbox 1523 1342 1668 1409; x_wconf 87' lang='lat' dir='ltr'><strong>longo</strong></span> 
     </span>
     <span class='ocr_line' id='line_1_16' title="bbox 113 1417 1665 1489; baseline -0.006 -11"><span class='ocrx_word' id='word_1_114' title='bbox 113 1427 279 1479; x_wconf 74' lang='lat' dir='ltr'><strong>dolore</strong></span> <span class='ocrx_word' id='word_1_115' title='bbox 292 1417 451 1485; x_wconf 53' lang='lat' dir='ltr'><strong>‘atrurn</strong></span> <span class='ocrx_word' id='word_1_116' title='bbox 485 1441 548 1473; x_wconf 67' lang='lat' dir='ltr'><strong>ex</strong></span> <span class='ocrx_word' id='word_1_117' title='bbox 568 1441 665 1489; x_wconf 91' lang='lat' dir='ltr'><strong>quo</strong></span> <span class='ocrx_word' id='word_1_118' title='bbox 681 1439 977 1488; x_wconf 87' lang='lat' dir='ltr'><strong>percussores</strong></span> <span class='ocrx_word' id='word_1_119' title='bbox 1010 1421 1161 1470; x_wconf 90' lang='lat' dir='ltr'><strong>Plauti</strong></span> <span class='ocrx_word' id='word_1_120' title='bbox 1183 1420 1332 1480; x_wconf 83' lang='lat' dir='ltr'><strong>mariti</strong></span> <span class='ocrx_word' id='word_1_121' title='bbox 1355 1420 1425 1469; x_wconf 91' lang='lat' dir='ltr'><strong>sui</strong></span> <span class='ocrx_word' id='word_1_122' title='bbox 1458 1421 1665 1469; x_wconf 86' lang='lat' dir='ltr'><strong>viderat:</strong></span> 
     </span>
     <span class='ocr_line' id='line_1_17' title="bbox 113 1498 1668 1570; baseline -0.005 -16"><span class='ocrx_word' id='word_1_123' title='bbox 113 1516 446 1570; x_wconf 66' lang='lat' dir='ltr'><strong>cruentamque</strong></span> <span class='ocrx_word' id='word_1_124' title='bbox 474 1503 721 1552; x_wconf 86' lang='lat' dir='ltr'><strong>cervicem.</strong></span> <span class='ocrx_word' id='word_1_125' title='bbox 743 1503 841 1568; x_wconf 86' lang='lat' dir='ltr'><strong>ejus</strong></span> <span class='ocrx_word' id='word_1_126' title='bbox 877 1501 1109 1565; x_wconf 86' lang='lat' dir='ltr'><strong>amplexa,</strong></span> <span class='ocrx_word' id='word_1_127' title='bbox 1146 1500 1355 1549; x_wconf 85' lang='lat' dir='ltr'><strong>servabat</strong></span> <span class='ocrx_word' id='word_1_128' title='bbox 1378 1498 1668 1565; x_wconf 87' lang='lat' dir='ltr'><strong>sanguinem,</strong></span> 
     </span>
     <span class='ocr_line' id='line_1_18' title="bbox 113 1576 1670 1647; baseline -0.006 -13"><span class='ocrx_word' id='word_1_129' title='bbox 113 1594 167 1634; x_wconf 72' lang='lat' dir='ltr'><strong>ot</strong></span> <span class='ocrx_word' id='word_1_130' title='bbox 176 1583 326 1634; x_wconf 71' lang='lat' dir='ltr'><strong>vestes</strong></span> <span class='ocrx_word' id='word_1_131' title='bbox 340 1597 599 1647; x_wconf 48' lang='lat' dir='ltr'><strong>respersam</strong></span> <span class='ocrx_word' id='word_1_132' title='bbox 636 1581 792 1640; x_wconf 83' lang='lat' dir='ltr'><strong>vidua,</strong></span> <span class='ocrx_word' id='word_1_133' title='bbox 815 1580 1020 1645; x_wconf 84' lang='lat' dir='ltr'><strong>implexa</strong></span> <span class='ocrx_word' id='word_1_134' title='bbox 1042 1579 1172 1626; x_wconf 90' lang='lat' dir='ltr'><strong>luctu</strong></span> <span class='ocrx_word' id='word_1_135' title='bbox 1195 1577 1435 1636; x_wconf 86' lang='lat' dir='ltr'><strong>continuo,</strong></span> <span class='ocrx_word' id='word_1_136' title='bbox 1457 1593 1544 1628; x_wconf 89' lang='lat' dir='ltr'><strong>nec</strong></span> <span class='ocrx_word' id='word_1_137' title='bbox 1562 1576 1670 1625; x_wconf 91' lang='lat' dir='ltr'><strong>ullis</strong></span> 
     </span>
     <span class='ocr_line' id='line_1_19' title="bbox 113 1656 1671 1726; baseline -0.006 -14"><span class='ocrx_word' id='word_1_138' title='bbox 113 1661 359 1722; x_wconf 78' lang='lat' dir='ltr'><strong>alimentis,</strong></span> <span class='ocrx_word' id='word_1_139' title='bbox 408 1660 494 1709; x_wconf 90' lang='lat' dir='ltr'><strong>nisi</strong></span> <span class='ocrx_word' id='word_1_140' title='bbox 545 1677 653 1726; x_wconf 84' lang='lat' dir='ltr'><strong>quae</strong></span> <span class='ocrx_word' id='word_1_141' title='bbox 692 1670 896 1707; x_wconf 90' lang='lat' dir='ltr'><strong>mortem</strong></span> <span class='ocrx_word' id='word_1_142' title='bbox 948 1667 1171 1706; x_wconf 84' lang='lat' dir='ltr'><strong>arcerent.</strong></span> <span class='ocrx_word' id='word_1_143' title='bbox 1258 1657 1403 1715; x_wconf 88' lang='lat' dir='ltr'><strong>Tum,</strong></span> <span class='ocrx_word' id='word_1_144' title='bbox 1455 1656 1671 1704; x_wconf 88' lang='lat' dir='ltr'><strong>hortante</strong></span> 
     </span>
     <span class='ocr_line' id='line_1_20' title="bbox 113 1720 1670 1806; baseline -0.006 -16"><span class='ocrx_word' id='word_1_145' title='bbox 113 1741 262 1806; x_wconf 65' lang='lat' dir='ltr'><strong>paffe,</strong></span> <span class='ocrx_word' id='word_1_146' title='bbox 294 1738 545 1804; x_wconf 88' lang='lat' dir='ltr'><strong>Neapolim</strong></span> <span class='ocrx_word' id='word_1_147' title='bbox 578 1738 745 1805; x_wconf 86' lang='lat' dir='ltr'><strong>pergit.</strong></span> <span class='ocrx_word' id='word_1_148' title='bbox 821 1738 883 1786; x_wconf 89' lang='lat' dir='ltr'><strong>Et</strong></span> <span class='ocrx_word' id='word_1_149' title='bbox 920 1736 1027 1801; x_wconf 87' lang='lat' dir='ltr'><strong>quia</strong></span> <span class='ocrx_word' id='word_1_150' title='bbox 1067 1735 1192 1783; x_wconf 90' lang='lat' dir='ltr'><strong>aditu</strong></span> <span class='ocrx_word' id='word_1_151' title='bbox 1222 1733 1426 1783; x_wconf 90' lang='lat' dir='ltr'><strong>Neronis</strong></span> <span class='ocrx_word' id='word_1_152' title='bbox 1454 1720 1670 1798; x_wconf 90' lang='lat' dir='ltr'><strong>prohibe-</strong></span> 
     </span>
     <span class='ocr_line' id='line_1_21' title="bbox 113 1814 1671 1884; baseline -0.006 -15"><span class='ocrx_word' id='word_1_153' title='bbox 113 1820 268 1878; x_wconf 75' lang='lat' dir='ltr'><strong>batur,</strong></span> <span class='ocrx_word' id='word_1_154' title='bbox 286 1817 800 1884; x_wconf 66' lang='lat' dir='ltr'><strong>&#39;egressus‚obsidens‚⁴</strong></span> <span class='ocrx_word' id='word_1_155' title='bbox 833 1820 868 1845; x_wconf 79' lang='lat'><strong>‘⁶</strong></span> <span class='ocrx_word' id='word_1_156' title='bbox 890 1815 1071 1864; x_wconf 83' lang='lat' dir='ltr'><strong>audiret</strong></span> <span class='ocrx_word' id='word_1_157' title='bbox 1097 1814 1344 1871; x_wconf 87' lang='lat' dir='ltr'><strong>insontem,</strong></span> <span class='ocrx_word' id='word_1_158' title='bbox 1368 1828 1486 1860; x_wconf 85' lang='lat' dir='ltr'><strong>neve</strong></span> <span class='ocrx_word' id='word_1_159' title='bbox 1503 1828 1671 1860; x_wconf 90' lang='lat' dir='ltr'><strong>consu-</strong></span> 
     </span>
     <span class='ocr_line' id='line_1_22' title="bbox 115 1889 1667 1960; baseline -0.005 -14"><span class='ocrx_word' id='word_1_160' title='bbox 115 1901 150 1933; x_wconf 59' lang='grc' dir='ltr'><strong>’θ</strong></span> <span class='ocrx_word' id='word_1_161' title='bbox 174 1896 299 1954; x_wconf 66' lang='lat' dir='ltr'><strong>latus</strong></span> <span class='ocrx_word' id='word_1_162' title='bbox 335 1895 408 1945; x_wconf 88' lang='lat' dir='ltr'><strong>sui</strong></span> <span class='ocrx_word' id='word_1_163' title='bbox 445 1896 683 1960; x_wconf 85' lang='lat' dir='ltr'><strong>quondam</strong></span> <span class='ocrx_word' id='word_1_164' title='bbox 722 1894 954 1959; x_wconf 86' lang='lat' dir='ltr'><strong>collegam</strong></span> <span class='ocrx_word' id='word_1_165' title='bbox 969 1895 984 1921; x_wconf 86' lang='lat'><em>⁵</em></span> <span class='ocrx_word' id='word_1_166' title='bbox 1029 1891 1221 1940; x_wconf 89' lang='lat' dir='ltr'><strong>dederet</strong></span> <span class='ocrx_word' id='word_1_167' title='bbox 1260 1889 1479 1949; x_wconf 85' lang='lat' dir='ltr'><strong>liberto‚’&#39;</strong></span> <span class='ocrx_word' id='word_1_168' title='bbox 1521 1889 1667 1938; x_wconf 67' lang='lat' dir='ltr'><strong>modo</strong></span> 
     </span>
     <span class='ocr_line' id='line_1_23' title="bbox 116 1965 1669 2040; baseline -0.006 -16"><span class='ocrx_word' id='word_1_169' title='bbox 116 1973 339 2024; x_wconf 71' lang='lat' dir='ltr'><strong>muliebri</strong></span> <span class='ocrx_word' id='word_1_170' title='bbox 358 1973 548 2040; x_wconf 78' lang='lat' dir='ltr'><strong>ejulatu,</strong></span> <span class='ocrx_word' id='word_1_171' title='bbox 582 1973 852 2038; x_wconf 70' lang='lat' dir='ltr'><strong>aliquando,</strong></span> <span class='ocrx_word' id='word_1_172' title='bbox 887 1987 1054 2020; x_wconf 89' lang='lat' dir='ltr'><strong>sexum</strong></span> <span class='ocrx_word' id='word_1_173' title='bbox 1084 1985 1284 2035; x_wconf 87' lang='lat' dir='ltr'><strong>egressa,</strong></span> <span class='ocrx_word' id='word_1_174' title='bbox 1319 1985 1435 2016; x_wconf 88' lang='lat' dir='ltr'><strong>voce</strong></span> <span class='ocrx_word' id='word_1_175' title='bbox 1470 1965 1669 2026; x_wconf 84' lang='lat' dir='ltr'><strong>infensa,</strong></span> 
     </span>
     <span class='ocr_line' id='line_1_24' title="bbox 116 2045 1670 2118; baseline -0.005 -16"><span class='ocrx_word' id='word_1_176' title='bbox 116 2051 405 2112; x_wconf 72' lang='lat' dir='ltr'><strong>ohniitabat3</strong></span> <span class='ocrx_word' id='word_1_177' title='bbox 454 2048 606 2100; x_wconf 86' lang='lat' dir='ltr'><strong>donec</strong></span> <span class='ocrx_word' id='word_1_178' title='bbox 660 2052 882 2118; x_wconf 88' lang='lat' dir='ltr'><strong>Princeps</strong></span> <span class='ocrx_word' id='word_1_179' title='bbox 927 2049 1216 2098; x_wconf 88' lang='lat' dir='ltr'><strong>immobilem</strong></span> <span class='ocrx_word' id='word_1_180' title='bbox 1269 2064 1318 2098; x_wconf 89' lang='lat' dir='ltr'><strong>se</strong></span> <span class='ocrx_word' id='word_1_181' title='bbox 1363 2045 1578 2111; x_wconf 89' lang='lat' dir='ltr'><strong>precibus</strong></span> <span class='ocrx_word' id='word_1_182' title='bbox 1623 2056 1670 2094; x_wconf 88' lang='lat' dir='ltr'><strong>et</strong></span> 
     </span>
     <span class='ocr_line' id='line_1_25' title="bbox 115 2129 716 2197; baseline -0.003 -17"><span class='ocrx_word' id='word_1_183' title='bbox 115 2129 317 2192; x_wconf 81' lang='lat' dir='ltr'><strong>invidiae,</strong></span> <span class='ocrx_word' id='word_1_184' title='bbox 342 2129 482 2197; x_wconf 84' lang='lat' dir='ltr'><strong>juxta</strong></span> <span class='ocrx_word' id='word_1_185' title='bbox 503 2130 716 2180; x_wconf 88' lang='lat' dir='ltr'><strong>ostendit.</strong></span> 
     </span>
    </p>
   </div>
   <div class='ocr_carea' id='block_1_4' title="bbox 119 2359 1678 2978">
    <p class='ocr_par' dir='ltr' id='par_1_4' title="bbox 119 2359 1673 2738">
     <span class='ocr_line' id='line_1_26' title="bbox 171 2359 1672 2412; baseline -0.003 -9"><span class='ocrx_word' id='word_1_186' title='bbox 171 2360 420 2403; x_wconf 72' lang='lat' dir='ltr'><strong>&#39;Rubellium</strong></span> <span class='ocrx_word' id='word_1_187' title='bbox 439 2363 629 2402; x_wconf 77' lang='lat' dir='ltr'><strong>Plautum.</strong></span> <span class='ocrx_word' id='word_1_188' title='bbox 649 2362 857 2403; x_wconf 83' lang='lat' dir='ltr'><strong>Rubellius</strong></span> <span class='ocrx_word' id='word_1_189' title='bbox 988 2359 1003 2382; x_wconf 78' lang='lat'>³</span> <span class='ocrx_word' id='word_1_190' title='bbox 1035 2361 1255 2400; x_wconf 75' lang='lat' dir='ltr'><strong>Formianos</strong></span> <span class='ocrx_word' id='word_1_191' title='bbox 1286 2360 1325 2398; x_wconf 67' lang='lat' dir='ltr'><strong>itt</strong></span> <span class='ocrx_word' id='word_1_192' title='bbox 1356 2373 1482 2412; x_wconf 77' lang='lat' dir='ltr'><strong>agros.</strong></span> <span class='ocrx_word' id='word_1_193' title='bbox 1511 2359 1672 2399; x_wconf 89' lang='lat' dir='ltr'><strong>Vicinos</strong></span> 
     </span>
     <span class='ocr_line' id='line_1_27' title="bbox 120 2412 1673 2469; baseline -0.002 -12"><span class='ocrx_word' id='word_1_194' title='bbox 120 2417 297 2464; x_wconf 70' lang='lat' dir='ltr'><strong>Plautus,</strong></span> <span class='ocrx_word' id='word_1_195' title='bbox 314 2417 460 2456; x_wconf 80' lang='lat' dir='ltr'><strong>Tiberii</strong></span> <span class='ocrx_word' id='word_1_196' title='bbox 477 2430 677 2469; x_wconf 82' lang='lat' dir='ltr'><strong>pronepos,</strong></span> <span class='ocrx_word' id='word_1_197' title='bbox 695 2431 856 2456; x_wconf 85' lang='lat' dir='ltr'><strong>uxorem</strong></span> <span class='ocrx_word' id='word_1_198' title='bbox 936 2417 1112 2468; x_wconf 86' lang='lat' dir='ltr'><strong>Formiis.</strong></span> <span class='ocrx_word' id='word_1_199' title='bbox 1169 2417 1230 2453; x_wconf 89' lang='lat' dir='ltr'><strong>De.</strong></span> <span class='ocrx_word' id='word_1_200' title='bbox 1248 2412 1318 2452; x_wconf 86' lang='lat' dir='ltr'><strong>hac</strong></span> <span class='ocrx_word' id='word_1_201' title='bbox 1338 2417 1433 2453; x_wconf 81' lang='lat' dir='ltr'><strong>urbe</strong></span> <span class='ocrx_word' id='word_1_202' title='bbox 1451 2415 1600 2454; x_wconf 87' lang='lat' dir='ltr'><strong>dictum</strong></span> <span class='ocrx_word' id='word_1_203' title='bbox 1617 2421 1673 2454; x_wconf 84' lang='lat' dir='ltr'><strong>est</strong></span> 
     </span>
     <span class='ocr_line' id='line_1_28' title="bbox 119 2467 1395 2522; baseline -0.002 -12"><span class='ocrx_word' id='word_1_204' title='bbox 119 2472 288 2510; x_wconf 83' lang='lat' dir='ltr'><strong>duxerat</strong></span> <span class='ocrx_word' id='word_1_205' title='bbox 303 2469 414 2510; x_wconf 79' lang='lat' dir='ltr'><strong>Antis</strong></span> <span class='ocrx_word' id='word_1_206' title='bbox 404 2471 509 2510; x_wconf 86' lang='lat' dir='ltr'><strong>tiam</strong></span> <span class='ocrx_word' id='word_1_207' title='bbox 530 2471 754 2520; x_wconf 83' lang='lat' dir='ltr'><strong>Pollutiam‚</strong></span> <span class='ocrx_word' id='word_1_208' title='bbox 782 2472 860 2510; x_wconf 91' lang='lat' dir='ltr'><strong>Lu-</strong></span> <span class='ocrx_word' id='word_1_209' title='bbox 934 2483 1054 2522; x_wconf 84' lang='lat' dir='ltr'><strong>supra</strong></span> <span class='ocrx_word' id='word_1_210' title='bbox 1073 2470 1216 2508; x_wconf 81' lang='lat' dir='ltr'><strong>Annal.</strong></span> <span class='ocrx_word' id='word_1_211' title='bbox 1236 2482 1310 2509; x_wconf 73' lang='lat' dir='ltr'><strong>xv.</strong></span> <span class='ocrx_word' id='word_1_212' title='bbox 1329 2467 1395 2508; x_wconf 83' lang='lat'><strong>46.</strong></span> 
     </span>
     <span class='ocr_line' id='line_1_29' title="bbox 122 2523 1672 2577; baseline -0.002 -12"><span class='ocrx_word' id='word_1_213' title='bbox 122 2525 176 2565; x_wconf 82' lang='lat' dir='ltr'><strong>cii</strong></span> <span class='ocrx_word' id='word_1_214' title='bbox 193 2525 342 2564; x_wconf 68' lang='lat' dir='ltr'><strong>Veteris</strong></span> <span class='ocrx_word' id='word_1_215' title='bbox 359 2525 493 2573; x_wconf 78' lang='lat' dir='ltr'><strong>filiam,</strong></span> <span class='ocrx_word' id='word_1_216' title='bbox 522 2525 664 2565; x_wconf 85' lang='lat' dir='ltr'><strong>Sextiae</strong></span> <span class='ocrx_word' id='word_1_217' title='bbox 692 2534 858 2577; x_wconf 85' lang='lat' dir='ltr'><strong>neptem.</strong></span> <span class='ocrx_word' id='word_1_218' title='bbox 991 2523 1010 2545; x_wconf 71' lang='lat'>⁴</span> <span class='ocrx_word' id='word_1_219' title='bbox 1040 2525 1227 2576; x_wconf 81' lang='lat' dir='ltr'><strong>Egressus</strong></span> <span class='ocrx_word' id='word_1_220' title='bbox 1264 2523 1445 2562; x_wconf 74' lang='lat' dir='ltr'><strong>obsidens.</strong></span> <span class='ocrx_word' id='word_1_221' title='bbox 1492 2523 1672 2573; x_wconf 85' lang='lat' dir='ltr'><strong>Egressus</strong></span> 
     </span>
     <span class='ocr_line' id='line_1_30' title="bbox 123 2579 1674 2632; baseline -0.001 -14"><span class='ocrx_word' id='word_1_222' title='bbox 123 2579 187 2618; x_wconf 87' lang='lat' dir='ltr'><strong>De</strong></span> <span class='ocrx_word' id='word_1_223' title='bbox 211 2586 334 2618; x_wconf 76' lang='lat' dir='ltr'><strong>mor-te</strong></span> <span class='ocrx_word' id='word_1_224' title='bbox 361 2579 532 2618; x_wconf 85' lang='lat' dir='ltr'><strong>Rubellii</strong></span> <span class='ocrx_word' id='word_1_225' title='bbox 562 2580 714 2619; x_wconf 87' lang='lat' dir='ltr'><strong>dictum</strong></span> <span class='ocrx_word' id='word_1_226' title='bbox 744 2593 860 2632; x_wconf 90' lang='lat' dir='ltr'><strong>supra</strong></span> <span class='ocrx_word' id='word_1_227' title='bbox 939 2580 1101 2618; x_wconf 84' lang='lat' dir='ltr'><strong>Neronis</strong></span> <span class='ocrx_word' id='word_1_228' title='bbox 1120 2579 1308 2625; x_wconf 85' lang='lat' dir='ltr'><strong>obsidens,</strong></span> <span class='ocrx_word' id='word_1_229' title='bbox 1334 2585 1418 2616; x_wconf 82' lang='lat' dir='ltr'><strong>orat</strong></span> <span class='ocrx_word' id='word_1_230' title='bbox 1438 2579 1590 2617; x_wconf 83' lang='lat' dir='ltr'><strong>audiret</strong></span> <span class='ocrx_word' id='word_1_231' title='bbox 1618 2580 1674 2618; x_wconf 86' lang='lat' dir='ltr'><strong>in·</strong></span> 
     </span>
     <span class='ocr_line' id='line_1_31' title="bbox 122 2634 1094 2680; baseline -0.002 -8"><span class='ocrx_word' id='word_1_232' title='bbox 122 2634 276 2673; x_wconf 58' lang='lat' dir='ltr'><strong>Annali</strong></span> <span class='ocrx_word' id='word_1_233' title='bbox 296 2642 389 2672; x_wconf 61' lang='lat' dir='ltr'><strong>xxv.</strong></span> <span class='ocrx_word' id='word_1_234' title='bbox 420 2638 471 2672; x_wconf 82' lang='lat'><strong>58</strong></span> <span class='ocrx_word' id='word_1_235' title='bbox 501 2643 540 2672; x_wconf 87' lang='lat' dir='ltr'><strong>et</strong></span> <span class='ocrx_word' id='word_1_236' title='bbox 567 2637 634 2680; x_wconf 81' lang='lat'><strong>59.</strong></span> <span class='ocrx_word' id='word_1_237' title='bbox 689 2635 794 2672; x_wconf 64' lang='lat' dir='ltr'><strong>Vide5</strong></span> <span class='ocrx_word' id='word_1_238' title='bbox 822 2641 862 2672; x_wconf 86' lang='lat' dir='ltr'><strong>et</strong></span> <span class='ocrx_word' id='word_1_239' title='bbox 937 2641 1094 2672; x_wconf 81' lang='lat' dir='ltr'><strong>sontem.</strong></span> 
     </span>
     <span class='ocr_line' id='line_1_32' title="bbox 122 2685 1673 2738; baseline -0.001 -11"><span class='ocrx_word' id='word_1_240' title='bbox 122 2687 360 2728; x_wconf 56' lang='lat' dir='ltr'><strong>stemcas.</strong></span> <span class='ocrx_word' id='word_1_241' title='bbox 377 2699 415 2726; x_wconf 91' lang='lat' dir='ltr'><strong>n.</strong></span> <span class='ocrx_word' id='word_1_242' title='bbox 434 2685 488 2738; x_wconf 78' lang='lat'><strong>76</strong></span> <span class='ocrx_word' id='word_1_243' title='bbox 506 2695 545 2727; x_wconf 86' lang='lat' dir='ltr'><strong>et</strong></span> <span class='ocrx_word' id='word_1_244' title='bbox 561 2692 627 2733; x_wconf 87' lang='grc'><strong>77.</strong></span> <span class='ocrx_word' id='word_1_245' title='bbox 993 2686 1006 2708; x_wconf 89' lang='lat'><strong>⁵</strong></span> <span class='ocrx_word' id='word_1_246' title='bbox 1029 2687 1224 2730; x_wconf 80' lang='lat' dir='ltr'><strong>Quondam</strong></span> <span class='ocrx_word' id='word_1_247' title='bbox 1246 2687 1441 2738; x_wconf 81' lang='lat' dir='ltr'><strong>collegam.</strong></span> <span class='ocrx_word' id='word_1_248' title='bbox 1485 2689 1535 2725; x_wconf 91' lang='lat' dir='ltr'><strong>A.</strong></span> <span class='ocrx_word' id='word_1_249' title='bbox 1555 2687 1605 2725; x_wconf 91' lang='lat' dir='ltr'><strong>U.</strong></span> <span class='ocrx_word' id='word_1_250' title='bbox 1625 2686 1673 2725; x_wconf 87' lang='lat' dir='ltr'><strong>C.</strong></span> 
     </span>
    </p>

    <p class='ocr_par' dir='ltr' id='par_1_5' title="bbox 122 2739 1678 2944">
     <span class='ocr_line' id='line_1_33' title="bbox 178 2739 1674 2803; baseline -0.003 -20"><span class='ocrx_word' id='word_1_251' title='bbox 178 2739 199 2760; x_wconf 77' lang='lat'>²</span> <span class='ocrx_word' id='word_1_252' title='bbox 225 2742 457 2803; x_wconf 60' lang='lat' dir='ltr'><strong>Detegenflcr</strong></span> <span class='ocrx_word' id='word_1_253' title='bbox 481 2741 645 2782; x_wconf 73' lang='lat' dir='ltr'><strong>soevi&#39;tiae.</strong></span> <span class='ocrx_word' id='word_1_254' title='bbox 676 2743 865 2781; x_wconf 86' lang='lat' dir='ltr'><strong>Fortuna-</strong></span> <span class='ocrx_word' id='word_1_255' title='bbox 942 2745 1030 2780; x_wconf 86' lang='lat'><strong>808.</strong></span> <span class='ocrx_word' id='word_1_256' title='bbox 1058 2742 1183 2793; x_wconf 90' lang='lat' dir='ltr'><strong>primo</strong></span> <span class='ocrx_word' id='word_1_257' title='bbox 1203 2741 1393 2791; x_wconf 80' lang='lat' dir='ltr'><strong>imperii</strong></span> <span class='ocrx_word' id='word_1_258' title='bbox 1376 2742 1540 2779; x_wconf 83' lang='lat' dir='ltr'><strong>Neronis</strong></span> <span class='ocrx_word' id='word_1_259' title='bbox 1558 2753 1674 2787; x_wconf 78' lang='lat' dir='ltr'><strong>anm,</strong></span> 
     </span>
     <span class='ocr_line' id='line_1_34' title="bbox 123 2795 1678 2849; baseline -0.002 -13"><span class='ocrx_word' id='word_1_260' title='bbox 123 2802 186 2836; x_wconf 74' lang='lat' dir='ltr'><strong>uu</strong></span> <span class='ocrx_word' id='word_1_261' title='bbox 201 2797 371 2849; x_wconf 79' lang='lat' dir='ltr'><strong>praebuit</strong></span> <span class='ocrx_word' id='word_1_262' title='bbox 390 2796 543 2835; x_wconf 87' lang='lat' dir='ltr'><strong>initium</strong></span> <span class='ocrx_word' id='word_1_263' title='bbox 565 2797 781 2847; x_wconf 73' lang='lat' dir='ltr'><strong>detegendae</strong></span> <span class='ocrx_word' id='word_1_264' title='bbox 795 2806 863 2835; x_wconf 78' lang='lat' dir='ltr'><strong>sae-</strong></span> <span class='ocrx_word' id='word_1_265' title='bbox 942 2797 1048 2834; x_wconf 88' lang='lat' dir='ltr'><strong>Nero</strong></span> <span class='ocrx_word' id='word_1_266' title='bbox 1066 2803 1103 2833; x_wconf 86' lang='lat' dir='ltr'><strong>et</strong></span> <span class='ocrx_word' id='word_1_267' title='bbox 1126 2796 1170 2834; x_wconf 87' lang='lat' dir='ltr'><strong>L.</strong></span> <span class='ocrx_word' id='word_1_268' title='bbox 1189 2795 1380 2834; x_wconf 86' lang='lat' dir='ltr'><strong>Antistius</strong></span> <span class='ocrx_word' id='word_1_269' title='bbox 1399 2796 1523 2834; x_wconf 75' lang='lat' dir='ltr'><strong>Vetus</strong></span> <span class='ocrx_word' id='word_1_270' title='bbox 1541 2807 1678 2834; x_wconf 84' lang='lat' dir='ltr'><strong>consu-</strong></span> 
     </span>
     <span class='ocr_line' id='line_1_35' title="bbox 122 2850 1678 2920; baseline 0.001 -33"><span class='ocrx_word' id='word_1_271' title='bbox 122 2850 227 2890; x_wconf 69' lang='lat' dir='ltr'><strong>vitioe</strong></span> <span class='ocrx_word' id='word_1_272' title='bbox 248 2851 411 2891; x_wconf 80' lang='lat' dir='ltr'><strong>Neronis</strong></span> <span class='ocrx_word' id='word_1_273' title='bbox 439 2851 617 2891; x_wconf 65' lang='lat' dir='ltr'><strong>adversus</strong></span> <span class='ocrx_word' id='word_1_274' title='bbox 646 2852 692 2920; x_wconf 93' lang='lat' dir='ltr'><strong>L.</strong></span> <span class='ocrx_word' id='word_1_275' title='bbox 712 2851 863 2891; x_wconf 82' lang='lat' dir='ltr'><strong>Veteris</strong></span> <span class='ocrx_word' id='word_1_276' title='bbox 940 2850 1062 2889; x_wconf 75' lang='lat' dir='ltr'><strong>latum</strong></span> <span class='ocrx_word' id='word_1_277' title='bbox 1092 2850 1278 2895; x_wconf 83' lang='lat' dir='ltr'><strong>inierant3</strong></span> <span class='ocrx_word' id='word_1_278' title='bbox 1308 2856 1352 2889; x_wconf 90' lang='lat' dir='ltr'><strong>ut</strong></span> <span class='ocrx_word' id='word_1_279' title='bbox 1375 2850 1541 2890; x_wconf 67' lang='lat' dir='ltr'><strong>xidimus</strong></span> <span class='ocrx_word' id='word_1_280' title='bbox 1560 2862 1678 2903; x_wconf 67' lang='lat' dir='ltr'><strong>supr».</strong></span> 
     </span>
     <span class='ocr_line' id='line_1_36' title="bbox 123 2904 1293 2978; baseline 0 -34"><span class='ocrx_word' id='word_1_281' title='bbox 123 2904 300 2978; x_wconf 75' lang='lat' dir='ltr'><strong>domurn.</strong></span> <span class='ocrx_word' id='word_1_282' title='bbox 942 2904 1084 2944; x_wconf 83' lang='lat' dir='ltr'><strong>Annal.</strong></span> <span class='ocrx_word' id='word_1_283' title='bbox 1105 2916 1214 2944; x_wconf 83' lang='lat' dir='ltr'><strong>xm.</strong></span> <span class='ocrx_word' id='word_1_284' title='bbox 1231 2908 1293 2944; x_wconf 88' lang='lat'><strong>11.</strong></span> 
     </span>
    </p>
   </div>
  </div>
 </body>
</html>
