1832 3230
243 165 324 222 444ss
585 185 587 187 ¹
670 180 834 221 NoTAE
863 182 931 220 ΕΤ
959 179 1401 222 EMENDATmNEs

224 385 227 388 y
246 323 411 366 Dextro
432 321 579 379 lapidis
598 322 724 366 latere
743 324 939 385 scriptum
958 341 968 367 ε

868 456 1148 502 necessu·

876 563 973 591 1111
1011 563 1139 591 1nvs

832 650 1175 682 DECEMBRES

945 744 1064 773 ORE

240 928 365 975 Forte
385 933 507 985 Acte,
540 932 721 975 Neronis
754 932 903 989 pellex,
933 941 1104 975 matrem
1138 932 1278 976 habuit
1307 933 1411 975 hanc
1429 931 1599 995 Ulpiam
1617 933 1765 983 Acten,

237 1022 406 1048 uxorem
453 1006 629 1059 Callisti,
673 1007 957 1063 dispensatoris
1005 1006 1183 1057 Claudii>
1205 1006 1398 1063 Augusti,
1451 1021 1542 1063 quae
1595 1005 1767 1048 decessit

237 1073 378 1122 Orfito
399 1080 582 1133 consule,
611 1081 666 1122 A.
689 1080 743 1123 U.
770 1080 820 1122 C.
843 1085 940 1123 805.
971 1088 1016 1122 ut
1042 1080 1197 1138 dietum
1219 1095 1341 1136 supra
1359 1079 1511 1122 Annal.
1543 1093 1635 1150 1511.
1663 1085 1735 1122 41.

294 1153 557 1211 Iurepsermzt
568 1169 648 1210 per
667 1154 819 1196 luxum.
879 1153 929 1195 In
948 1153 1086 1195 multis
1108 1153 1244 1195 MSS.
1278 1161 1321 1195 et
1349 1153 1595 1196 editionibus
1623 1145 1765 1207 veteri-

234 1229 325 1279 bus,
366 1227 583 1284 irrepserat
595 1244 609 1278 ,·
652 1228 762 1284 quod
799 1235 935 1269 ortum
969 1227 1126 1269 videtur
1163 1242 1212 1268 ex
1246 1226 1424 1282 pessima
1455 1226 1764 1283 interpungendi

232 1301 399 1343 ratione.
458 1301 632 1345 InzMS.
652 1301 680 1344 J
685 1317 741 1343 es.
763 1301 968 1357 irrepsere.
1007 1300 1168 1343 Merito
1188 1300 1354 1356 Lipsius
1373 1300 1615 1352 emendavit,
1635 1300 1763 1357 irrep-

229 1382 395 1425 serant5
426 1377 655 1432 frustraque
677 1374 743 1417 Cl.
767 1375 962 1416 Ernestus
982 1374 1196 1426 revocavit,
1226 1374 1459 1431 irrepserat.

291 1448 359 1491 Ne
373 1448 638 1491 severioribus
656 1448 832 1505 quidem.
868 1448 933 1489 Ita
954 1447 1056 1489 MS.
1079 1447 1201 1489 Bodl.
1222 1456 1264 1489 et
1284 1447 1535 1490 Puteolanus
1553 1450 1602 1491 ai:
1621 1433 1758 1492 recen-

227 1512 365 1566 tiores.
395 1522 533 1578 Vulgo
553 1522 595 1564 in
617 1523 753 1564 MSS.
772 1530 814 1564 et
834 1522 1008 1564 editione
1030 1521 1227 1578 principe,
1256 1536 1306 1563 ne
1323 1521 1559 1564 senioribus.
1579 1551 1593 1573 ,

283 1681 403 1724 CAP.
430 1688 494 1725 13.
529 1681 692 1725 Nurum
725 1683 935 1725 ancillam.
996 1682 1189 1726 Hauffius
1222 1697 1369 1725 nurum
1389 1681 1605 1725 Octaviam
1635 1681 1758 1724 inter-

222 1764 418 1811 pretatur.
479 1756 549 1798 Sic
570 1771 734 1813 quoque
753 1756 871 1799 vertit
893 1757 996 1799 Dati
1013 1774 1023 1800 :
1073 1761 1103 1782 ‘⁶
1124 1756 1169 1799 Si
1188 1756 1413 1798 lamentava
1430 1755 1495 1797 ch’
1514 1770 1594 1797 una
1611 1754 1755 1797 liberta

222 1829 391 1871 dovesse
424 1845 556 1889 essere
590 1830 785 1887 padronzi,
831 1830 854 1872 ὲ
897 1830 936 1872 la
970 1846 1098 1872 nuora
1131 1838 1348 1873 constretta
1382 1830 1433 1871 ad
1466 1844 1573 1871 esser
1589 1827 1755 1879 „servm”

220 1904 391 1951 Quanto
439 1903 586 1945 melius
631 1903 875 1960 breviusque
921 1904 1146 1946 Davanzati
1164 1921 1174 1946 :
1238 1908 1266 1929 “
1287 1903 1484 1946 Sbuffava
1520 1901 1753 1959 Agrippina

219 1977 376 2018 d'avere
396 1993 474 2019 una
493 1977 636 2019 liberta
656 1993 729 2033 per
749 1993 992 2034 compagna,
1023 1993 1103 2020 una
1122 1987 1302 2020 servente
1338 1993 1410 2033 per
1442 1975 1608 2018 ωσι-αἶ’
1655 1976 1750 2018 Nee

217 2040 332 2093 alitei·
355 2050 422 2093 Cl.
445 2052 647 2094 Gordon:
679 2055 706 2076 “
727 2052 841 2094 Now
861 2051 1093 2108 Agrippina
1112 2052 1304 2102 stormed,
1334 2050 1421 2092 that
1445 2065 1469 2092 a
1498 2047 1751 2093 manumised

218 2123 326 2166 slave
353 2141 437 2167 was
471 2127 645 2167 become
677 2126 749 2167 her
782 2126 1080 2182 competitress‚
1111 2141 1135 2167 a
1153 2123 1368 2167 haudmaid
1386 2124 1459 2165 her
1478 2123 1751 2180 daughter-in-

215 2197 336 2240 law.''
394 2198 580 2255 IMurphy
602 2215 780 2256 quoque,
810 2204 838 2224 “
857 2199 1089 2255 Agrippina
1107 2214 1189 2244 was
1218 2198 1321 2240 fired
1353 2197 1450 2240 with
1484 2197 1748 2254 indignationi.

216 2272 299 2314 She
318 2271 579 2328 complained
599 2273 720 2315 aloud
741 2273 827 2315 that
847 2288 899 2315 an
929 2273 1206 2315 enfranchised
1242 2271 1347 2314 slave
1369 2286 1449 2330 was
1469 2278 1545 2327 put
1562 2270 1604 2313 in
1633 2286 1746 2314 com-

213 2345 386 2402 petition
406 2346 502 2388 with
523 2347 590 2389 the
611 2347 848 2403 Emperor's
867 2348 1041 2399 mother,
1072 2347 1151 2388 and
1169 2362 1194 2388 a
1211 2346 1364 2389 wretch
1383 2347 1434 2388 of
1449 2360 1568 2389 mean
1587 2347 1744 2388 extrae-

212 2419 298 2461 tion
318 2435 401 2462 was
421 2428 464 2462 to
480 2422 532 2461 be
551 2422 706 2462 treated
727 2437 770 2462 as
789 2421 863 2462 her
881 2419 1277 2476 daughter-in-law.''
1335 2420 1397 2462 Ita
1418 2418 1538 2461 etiam
1561 2420 1744 2474 Sucyro:

211 2496 239 2516 “
261 2491 465 2534 Bramava
484 2493 729 2550 Agrippina,
760 2495 810 2537 de
831 2511 924 2537 aver
945 2496 994 2536 de
1014 2495 1135 2537 susrir
1167 2494 1206 2536 el
1241 2503 1352 2536 tener
1371 2509 1450 2550 por
1467 2492 1602 2536 emula
1619 2509 1644 2535 a
1663 2508 1744 2536 una

209 2565 367 2617 liberta,
417 2582 442 2620 y
482 2571 559 2623 por
593 2583 719 2610 nuera
756 2584 836 2610 una
870 2567 1065 2610 esclava.''
1119 2567 1291 2610 Amelot
1337 2569 1389 2609 de
1425 2566 1466 2610 la
1505 2562 1739 2611 Houss'aie:

209 2644 235 2664 “
257 2639 494 2697 Agrippine
512 2641 631 2684 crioit
650 2657 746 2684 avec
766 2642 806 2683 la
824 2642 1004 2684 violence
1025 2642 1224 2685 ordinaire
1244 2641 1269 2683 ὰ
1288 2657 1364 2684 son
1382 2657 1475 2683 sexe
1504 2640 1602 2699 qu’il
1621 2640 1742 2684 fesoit
1761 2627 1768 2637 .

207 2715 314 2756 beau
352 2714 438 2756 voir
470 2730 549 2757 une
586 2723 767 2757 servante
801 2715 963 2758 devenir
988 2732 1032 2758 sa
1069 2718 1145 2758 bru
1175 2723 1215 2758 et
1248 2731 1292 2758 sa
1323 2713 1487 2758 rivale.’'
1545 2713 1738 2772 Denique

174 2830 186 2845 ,
207 2786 380 2830 Dureau
397 2806 407 2831 ε
439 2793 468 2813 “
487 2789 718 2845 Agrippine
734 2804 775 2831 se
796 2789 924 2832 recria
944 2806 1012 2832 sur
1027 2805 1074 2833 ce
1094 2789 1216 2847 qu'on
1235 2789 1294 2831 lui
1311 2789 1477 2841 donnait
1496 2805 1576 2831 une
1589 2788 1735 2832 affran-

203 2860 292 2904 chie
312 2877 420 2918 pour
438 2862 572 2916 rivale,
595 2855 672 2906 une
691 2862 849 2906 esclave
868 2878 974 2920 pour
993 2864 1108 2907 bruss'
1168 2864 1380 2908 Neronem
1401 2863 1575 2906 voluisse
1600 2862 1734 2921 Acten
