1858 3224
243 190 272 234 6
750 186 798 230 C.
826 185 1093 230 CORNELII
1118 183 1303 230 'rAcl'rl
1489 188 1544 233 Ἀ.
1558 192 1610 233 U.
1627 192 1674 233 C.
1691 196 1784 235 ⁸00.

243 312 319 357 us,
353 291 603 346 Britannici
626 293 863 353 educator,
897 291 976 358 qui
998 309 1082 358 per
1103 292 1302 358 speciem
1330 294 1660 346 benevolentiae
1682 313 1783 346 mo·

241 383 374 423 neret
406 370 674 431 Claudium‚
709 374 742 399 “
766 386 926 419 cavere
959 369 1055 418 vim
1089 382 1226 436 atque
1261 387 1373 435 opes
1406 371 1686 437 principibus
1715 374 1784 422 in-

243 454 279 479 “
302 446 481 516 sensas:
516 447 805 514 praecipuum
825 457 1062 495 auctorem
1082 447 1338 496 Asiaticum
1353 448 1658 499 interficiendi
1677 451 1782 500 Cae-

241 531 278 557 ‘⁶
301 525 429 587 saris,
462 541 559 575 non
588 523 849 575 extimuisse
883 523 931 571 in
965 522 1187 572 concione
1208 523 1368 589 populi
1404 525 1606 574 Romani
1630 524 1780 587 fateri,

240 608 278 635 “
298 604 588 671 gloriamque
609 601 822 652 facinoris
835 601 958 649 ultro
980 611 1165 665 petere:
1184 603 1197 623 ¹
1220 601 1398 650 clarum
1414 619 1477 656 ex
1489 620 1545 652 eo
1561 603 1609 651 in
1625 604 1778 664 Urbe,

240 686 277 712 ‘⁶
300 680 442 730 didita
478 675 562 745 pei·
595 678 850 745 provincias
883 676 1026 737 fama,
1061 694 1223 742 parare
1255 678 1342 727 iter
1380 680 1439 728 ad
1471 681 1779 730 Germanicos

239 763 277 788 “
299 758 558 818 exercitus3
597 755 783 822 quando
815 755 995 822 genitus
1018 756 1229 816 Viennae,
1264 756 1511 823 multisque
1542 769 1590 806 et
1617 757 1778 808 validis

240 840 276 894 ‘.‘
296 835 709 901 propinquitatibus
730 833 971 892 subnixus,
989 835 1174 882 turbare
1197 834 1389 899 gentiles
1401 833 1606 884 nationes
1621 851 1778 900 prom·

238 917 275 942 “
298 923 399 961 tum
421 911 661 960 haberet.'’
728 913 797 959 At
825 909 1064 971 Claudius,
1099 911 1212 959 nihil
1246 911 1367 960 ultra
1398 923 1642 972 scrutatuS,
1676 912 1776 962 citis

238 1004 349 1039 cum
371 989 605 1049 militibus,
623 1001 857 1053 tamquam
880 989 1184 1053 opprimendo
1205 988 1347 1048 bello,
1371 987 1637 1053 Crispinum
1657 1005 1775 1055 prae-

235 1067 340 1116 torii
361 1066 636 1132 praefectum
658 1066 806 1114 misit:
844 1065 871 1114 a
895 1083 989 1130 quo
1011 1077 1220 1131 repertus
1242 1076 1310 1115 est
1330 1066 1454 1132 apud
1475 1066 1645 1127 Baias,²
1676 1067 1774 1115 vin-

236 1143 412 1209 clisque
433 1135 602 1203 inditis,
636 1143 684 1192 in
706 1144 891 1192 Urbem
907 1154 1079 1209 raptus.

302 1295 349 1336 2.
384 1289 570 1346 NEQUE
595 1288 699 1335 data
720 1286 907 1335 senatus
939 1287 1099 1351 copia:
1135 1284 1255 1334 intra
1282 1286 1548 1335 cubiculum
1569 1286 1772 1347 auditur,

219 1346 483 1414 'Messalina
505 1381 678 1424 coram,
720 1374 765 1412 et
791 1362 935 1413 Suilio
970 1368 1004 1392 “
1028 1362 1371 1426 corruptionem
1400 1362 1615 1424 militum,
1654 1381 1772 1430 quos

232 1447 268 1471 ‘⁶
290 1441 486 1507 pecunia
522 1454 567 1490 et
598 1453 757 1506 stupro
792 1440 841 1488 in
870 1439 996 1488 omni
1030 1439 1200 1505 flagitio
1234 1439 1509 1489 obstrictos’'
1531 1443 1771 1507 arguebat,

230 1519 340 1567 exin
376 1525 410 1549 ‘⁶
437 1519 714 1582 adulterium
748 1517 1017 1583 Poppaeae,’'
1053 1534 1106 1566 ac
1141 1517 1433 1582 postremum
1467 1521 1502 1546 ‘⁶
1531 1517 1770 1567 mollitiam

166 1584 172 1588 ’
230 1601 265 1625 “
288 1596 528 1662 corporis'’
557 1597 825 1661 objectante.
894 1594 976 1642 Ad
1009 1594 1137 1658 quod
1172 1594 1294 1642 victo
1328 1593 1525 1654 silentio,
1559 1596 1771 1660 prorupit

226 1690 351 1733 reus,
375 1685 421 1722 et
444 1678 477 1702 “
501 1673 790 1740 Interroga,'’
813 1671 979 1737 inquit,
1003 1677 1036 1700 “
1060 1671 1191 1731 Suili‚
1215 1671 1335 1720 filios
1355 1673 1492 1732 tuos,³
1516 1671 1670 1720 virum
1690 1689 1768 1722 me

227 1755 261 1779 “
285 1768 383 1800 esse
421 1748 687 1806 fatebuntur
703 1750 754 1798 :’'
802 1748 1127 1816 ingressusque
1163 1746 1495 1808 defensionem,
1529 1761 1767 1799 commoto

210 1830 449 1895 majorem
483 1828 532 1876 in
565 1829 759 1877 modum
784 1827 1000 1888 Claudio,
1033 1826 1295 1875 Messalinae
1324 1843 1511 1891 quoque
1541 1826 1766 1899 lacrymas

223 1905 420 1956 excivit:
459 1901 626 1972 quibus
648 1904 885 1954 abluendis
915 1904 1131 1954 cubiculo
1153 1903 1410 1970 egrediens,
1443 1914 1602 1952 monet
1621 1903 1765 1960 Vitel-

223 1982 356 2042 lium,
392 2000 452 2031 ne
475 1983 592 2032 elabi
625 2000 758 2032 reum
781 1983 961 2032 sineret.
1028 1984 1131 2047 Ipsa
1165 1982 1224 2030 ad
1262 1974 1511 2046 perniciem
1548 1981 1764 2046 Poppaeae

222 2059 422 2120 festinat,
455 2061 661 2120 subditis,
686 2060 767 2126 qui
788 2072 964 2109 terrore
988 2060 1182 2109 carceris
1214 2061 1275 2108 ad
1304 2057 1612 2108 voluntariam
1639 2075 1763 2107 mor-

222 2148 317 2185 tem
360 2139 701 2202 propellerent:
736 2138 855 2187 adeo
901 2138 1063 2205 ignaro
1109 2131 1311 2197 Caesare,
1346 2148 1416 2196 ut,
1449 2152 1625 2201 paucos
1658 2147 1763 2201 post

220 2213 335 2275 dies,
358 2216 621 2280 epulantem
644 2217 767 2281 apud
790 2233 838 2264 se
862 2217 1078 2265 maritum
1096 2218 1193 2282 ejus
1210 2214 1472 2279 Scipionem
1493 2223 1761 2278 percuncta-

219 2296 365 2352 retur,
400 2298 434 2321 “
458 2310 543 2342 cur
566 2287 674 2342 ‘sine
710 2311 857 2343 uxore
885 2294 1184 2345 discubuisset
1199 2293 1251 2343 ?’'
1267 2296 1286 2323 4
1319 2303 1457 2357 atque
1478 2290 1556 2340 ille
1578 2294 1612 2318 “
1628 2287 1760 2341 func·

219 2372 253 2397 ‘⁶
277 2376 372 2417 tam
395 2368 524 2436 fat0”
548 2372 861 2437 responderet.

274 2500 286 2517 ¹
312 2503 429 2543 Ultro
444 2511 586 2554 petere.
616 2505 677 2543 De
698 2506 755 2544 his
770 2507 852 2557 jam
872 2507 952 2546 dic—
1025 2512 1123 2554 tuos,
1143 2504 1302 2543 mollitie
1319 2503 1554 2558 libidineque
1573 2501 1754 2546 infames:

219 2558 301 2594 tum
319 2556 359 2595 in
374 2557 502 2609 suppl.
519 2560 621 2596 Ann.
643 2571 706 2598 ix.
725 2564 764 2598 4.
809 2561 953 2599 Asiati·
1027 2574 1087 2598 me
1108 2559 1231 2598 virum
1250 2571 1326 2597 csse
1353 2558 1587 2601 fatebuntur.
1643 2555 1755 2594 Forte

218 2622 310 2648 curn
326 2610 541 2659 Valerium,
555 2612 639 2651 Caii
656 2613 843 2665 Caligulae
857 2615 951 2652 ami·
1028 2613 1192 2651 filiorum
1225 2611 1337 2651 Suilii
1367 2611 1461 2650 vitia
1487 2609 1680 2662 quondam
1697 2622 1757 2646 ar·¹

218 2675 322 2711 cum,
350 2665 461 2703 fuisse
464 2665 636 2717 ferocem
665 2667 798 2715 virum,
825 2674 862 2706 et
889 2668 950 2706 rix
1025 2674 1159 2717 guerat
1177 2666 1386 2711 Asiaticus,
1413 2665 1471 2703 vir
1486 2662 1709 2718 consularis.

214 2730 317 2766 oequo
335 2719 454 2757 animo
481 2720 621 2758 alienas
638 2722 876 2759 contumelias
896 2722 951 2760 lu·
1077 2718 1096 2741 4
1130 2718 1402 2758 Discubuisset.
1446 2717 1510 2756 Ex
1543 2728 1646 2754 more
1678 2716 1755 2754 Ro·

215 2775 341 2809 turum
369 2772 481 2811 docet
515 2774 659 2812 Seneca
687 2774 733 2811 de
764 2782 949 2813 constant.
1024 2787 1162 2820 mano3
1190 2774 1237 2811 dc
1272 2785 1350 2824 quo
1376 2770 1580 2810 ‘Cornelius
1610 2769 1753 2820 Nepos,

213 2823 374 2873 sapient.
415 2837 548 2865 xv111.
595 2827 725 2872 Quam
770 2828 950 2878 injuriam
1021 2828 1128 2879 praef.
1165 2826 1231 2864 vit.
1267 2826 1450 2877 imperat:
1507 2823 1624 2870 Quem
1659 2823 1754 2860 em'm

215 2876 396 2927 Caligula
413 2879 445 2916 ci
466 2878 638 2918 intulerit
655 2881 796 2918 ibidem
809 2889 949 2920 narrat.
1022 2881 1270 2919 Romanorum
1291 2879 1410 2930 pudet
1439 2890 1589 2916 uxorem
1619 2876 1752 2914 ducere

268 2927 285 2946 ²
304 2932 419 2981 Apud
440 2932 568 2971 Baias.
598 2935 643 2972 In
662 2935 888 2985 Campania.
1020 2934 1058 2971 in
1079 2933 1318 2972 convivium?
1344 2931 1494 2970 videet
1511 2930 1750 2983 Ciceronem,

269 2979 282 3002 ³
327 2985 439 3023 Filios
474 2993 571 3026 tuos.
621 2987 818 3040 Interroga
851 2988 950 3027 filios
1022 2988 1095 3038 Ep.
1117 2987 1165 3025 ad
1184 2986 1305 3026 Attic.
1326 2997 1364 3024 V.
1388 2990 1424 3023 1.
